3076 4728
713 317 753 381 95

139 528 170 602 q.
191 535 253 584 nec
265 517 301 582 id
319 522 434 584 tamen
445 516 512 600 fiet.
544 515 669 582 Deinde
683 514 826 596 intellegi
840 533 908 580 non
921 516 1039 597 potest,
1060 531 1119 578 our
1133 529 1201 576 non
1213 511 1326 577 Cicero

138 627 160 710 9
182 627 253 704 tos,
281 625 434 708 quernus
454 623 518 690 diei
540 621 697 706 potuerit:
727 620 846 703 quibus
866 619 1001 704 probari
1021 619 1208 697 volebamus,
1237 621 1326 702 quod

137 737 190 798 est
212 733 248 797 in
269 731 413 813 irrisoris,
435 730 577 796 scribere
590 729 761 794 maineriis
781 729 935 800 voluntas
957 729 1015 811 (sio
1025 729 1238 794 scribendum
1257 747 1327 793 esse
1413 735 1421 749 ⁸

139 845 230 906 recte
251 838 516 920 iudicatB'akius)
538 855 663 915 eorum,
686 855 778 919 q.pr.
790 835 987 913 uidebamur,
1009 837 1099 918 quod
1120 840 1152 901 et
1172 835 1327 900 exhibent

139 949 184 1013 L¹
209 948 288 1012 Eet
301 947 332 1011 A
347 947 419 1013 exh.
442 945 571 1010 videtur
592 944 642 1028 (G.
665 944 884 1025 uidebamus),
905 959 1012 1026 neque
1032 947 1091 1022 θεῖ,
1115 943 1204 1025 quod
1225 943 1244 1026 g
1268 944 1331 1007 150

141 1073 217 1120 eom
237 1073 432 1137 respuamus
453 1050 636 1130 lectionem,
658 1055 806 1134 quaeest
820 1052 854 1116 in
869 1051 1008 1117 mutilisz
1028 1049 1185 1116 incondite
1193 1051 1328 1130 positi33

141 1181 220 1228 uam
250 1181 325 1227 cum
354 1162 425 1227 otiis
454 1161 534 1225 locis
564 1159 696 1225 adverb.
721 1159 781 1226 inc.
804 1159 927 1241 legitur
944 1161 1016 1223 turn
1040 1160 1074 1224 in
1096 1157 1160 1225 Cic.
1182 1159 1224 1224 de
1245 1165 1327 1223 orat.

141 1270 163 1335 l.
184 1269 237 1334 ΠΙ.
268 1269 286 1353 fi
318 1270 381 1334 175·
407 1270 568 1350 scriptum
598 1269 664 1332 esis
700 1267 789 1349 quod
820 1264 873 1331 ille
903 1267 999 1332 rudis
1025 1267 1182 1331 incondite
1212 1267 1329 1332 fundit.

140 1378 296 1444 Eiusdem
318 1396 388 1460 par.
410 1376 503 1440 initio
525 1376 641 1440 sinon
661 1375 793 1454 rectius,
822 1375 856 1439 id
879 1375 967 1457 quod
988 1375 1120 1440 credere
1141 1375 1266 1452 malim,
1295 1377 1330 1438 ai

137 1503 210 1550 non
231 1483 341 1550 minus
362 1486 448 1548 recte
469 1481 605 1564 (bonci)
618 1481 816 1562 formulam,
848 1483 937 1566 quod
958 1501 1028 1548 voe.
1050 1483 1152 1548 estin
1174 1481 1330 1548 omnibus

136 1591 277 1670 mutilis,
299 1589 363 1672 legi
385 1609 486 1674 quem
507 1589 589 1656 douc
610 1589 697 1654 viam
717 1589 840 1672 Stegm.
870 1590 952 1655 vidit
974 1590 1148 1672 potuitque
1168 1609 1215 1658 or.
1245 1589 1264 1672 ὅ
1289 1589 1331 1654 36

142 1701 177 1764 θῖ
207 1699 265 1776 75ς
294 1698 335 1766 de
363 1702 429 1781 opt.
458 1718 487 1780 g.
510 1717 557 1764 or.
585 1698 605 1781 fi
630 1699 667 1762 15
690 1702 721 1764 et
749 1699 791 1762 so
818 1697 1033 1764 conferendas
1063 1717 1133 1762 esse
1158 1697 1331 1764 adnotare.

144 1805 312 1888 Stanglius
334 1806 382 1886 (ut
404 1805 576 1874 absolvam
605 1805 693 1874 hunc
721 1805 842 1887 iocum)
876 1821 1081 1888 quemquam
1114 1808 1201 1870 recte
1231 1805 1265 1868 in
1291 1823 1331 1870 ea

145 1933 247 1998 quam
268 1933 293 1980 s.
314 1913 381 1980 dixi
401 1915 685 1982 commentatione·
700 1913 745 1996 (p.
767 1915 805 1978 17
819 1913 900 1997 seq.)
921 1931 991 1980 voc.
1004 1911 1108 1994 facilc
1128 1911 1219 1978 nulio
1233 1916 1331 1994 pacto

145 2021 342 2088 mutandum
368 2040 444 2087 esse
475 2022 628 2100 ostendit.¹
660 2025 774 2088 temen
794 2023 828 2086 in
849 2021 991 2086 eundem
1024 2036 1122 2103 quem
1150 2019 1271 2086 Bekius
1292 2037 1333 2084 ac

142 2128 379 2198 Mommsenius
398 2128 512 2194 incidit
532 2149 686 2207 errorem,
707 2147 784 2194 oum
805 2129 921 2195 vocab.
940 2129 1025 2192 dom
1047 2128 1111 2210 (vel
1132 2129 1242 2210 potius
1255 2131 1333 2208 sor-

137 2237 277 2312 mulam)
309 2237 382 2302 loco
414 2238 560 2318 posuerit
590 2237 663 2303 vici.
705 2235 824 2302 Mirum
853 2239 913 2313 est,
945 2237 1035 2318 quod
1066 2236 1101 2302 in
1133 2235 1235 2300 altera
1264 2253 1332 2316 seq.

143 2345 303 2412 enuntiati
331 2349 426 2428 parte
455 2344 499 2410 ab
529 2345 626 2410 huius
654 2345 774 2412 codicis
803 2346 922 2428 partim
951 2346 1056 2428 antiq.
1085 2363 1188 2412 menu
1209 2346 1332 2428 partim

144 2456 264 2518 recent.
292 2452 389 2520 lectio
416 2457 456 2518 ut
482 2471 647 2534 nusquam
668 2455 810 2535 reperta,
841 2453 890 2520 ita
910 2471 979 2520 uon
1000 2455 1109 2520 minus
1132 2471 1210 2518 vera
1232 2471 1334 2535 quom

144 2561 327 2624 ceterorum
355 2561 450 2628 codd.
480 2559 673 2642 praebetur:
706 2579 762 2624 occ
795 2607 866 2630 ...
896 2559 1005 2642 efficiet
1026 2561 1102 2640 (Eri.
1123 2565 1159 2624 ut
1179 2579 1234 2626 occ
1265 2614 1272 2628 .
1296 2615 1303 2627 .
1327 2615 1334 2632 .

147 2667 271 2751 efiiciot
292 2669 343 2736 ed.
363 2671 442 2736 Ven.
465 2670 495 2736 i.
516 2689 571 2734 nec
601 2717 670 2738 ...
705 2669 830 2752 efficiat,
851 2668 901 2733 ed.
923 2667 1006 2734 Med.
1027 2687 1067 2734 oc
1099 2715 1168 2735 ...
1200 2668 1334 2751 efficiet).

147 2774 185 2840 In
206 2777 333 2854 eodem,
353 2776 514 2856 bisadoc,
534 2793 671 2842 numero
693 2779 742 2842 esi
763 2776 817 2842 ille
838 2773 928 2842 locus
950 2775 968 2860 g
992 2775 1061 2854 146,
1082 2775 1124 2842 de
1145 2795 1211 2859 quo
1232 2795 1335 2858 supra

141 2881 321 2964 disputavi.
364 2883 401 2948 ln
422 2883 601 2967 archetypo
623 2884 711 2950 enim
735 2883 940 2966 integrorum
964 2903 1033 2950 non
1062 2884 1162 2950 inisse
1191 2885 1335 2950 videtur:

141 2989 320 3056 didicisse?
362 2990 447 3072 Quid
466 2996 536 3056 ecci
555 3011 613 3056 cur
627 3011 696 3072 pc,
729 2992 804 3064 sed:
837 2990 983 3056 didicisse
1004 2991 1088 3072 qood
1107 2996 1176 3056 croi
1197 3011 1254 3056 cur
1270 3011 1334 3071 pr„

142 3117 250 3180 uquam
282 3097 455 3164 lectionem
486 3117 554 3164 non
586 3099 696 3164 minus
726 3117 839 3164 veram
872 3117 943 3166 esse
970 3101 1110 3182 appetet
1138 3117 1238 3181 quam
1262 3117 1337 3162 mu-

147 3205 297 3272 tilorum:
318 3204 464 3270 didicisse
476 3205 561 3286 quod
568 3225 622 3287 pr.
655 3206 770 3288 Neque
790 3211 901 3272 autem
917 3210 976 3283 est,
997 3225 1056 3272 our
1078 3225 1147 3270 voc.
1161 3206 1338 3287 impensius

149 3312 241 3394 §iti
256 3332 277 3378 a
290 3313 414 3380 mutilis
435 3315 620 3395 praebitum
642 3335 781 3398 prorsus
792 3319 979 3399 respuatur.
1012 3316 1100 3382 Nam
1114 3315 1229 3382 eadem
1253 3333 1338 3396 quse
1378 3353 1382 3372 ι

148 3419 203 3484 hic
219 3421 422 3489 desideretur
431 3424 593 3489 sententio
606 3427 802 3506 usurpatum
818 3423 984 3490 invenitur
998 3443 1069 3490 voc.
1081 3441 1156 3490 cum
1171 3423 1244 3487 aliis
1259 3421 1338 3488 locis

143 3532 221 3597 tum
233 3531 322 3610 apud
333 3530 500 3608 Liviuml,
521 3531 572 3610 40,
594 3531 631 3609 23
653 3531 705 3611 IV,
719 3531 770 3610 tc,
792 3529 856 3614 bg
876 3531 935 3596 189
947 3535 979 3598 et
992 3530 1280 3612 quodveicmcnter
1294 3533 1339 3594 est

149 3633 298 3698 vitiosum
313 3637 418 3716 (codd.
435 3636 508 3720 int.)
528 3641 560 3702 et
573 3643 618 3702 cst
637 3638 672 3704 id
691 3637 885 3704 veliementer
905 3637 1053 3704 odom
1071 3638 1178 3722 (codd.
1201 3639 1295 3717 mut.)
1318 3656 1339 3700 a

151 3741 307 3810 Cicerone
328 3745 487 3828 scriptum
509 3763 593 3822 esse
599 3765 696 3829 posse
724 3751 816 3830 patet
833 3747 867 3812 in
886 3751 1043 3830 promptu
1069 3765 1133 3828 que
1154 3750 1212 3822 est,
1233 3761 1340 3826 neque

145 3869 353 3934 ¹quemquam
376 3851 479 3936 fugiet
498 3852 517 3936 ἐ
539 3852 602 3918 134
623 3873 690 3920 non
711 3854 820 3920 minus
834 3859 921 3920 recte
943 3874 963 3920 a
985 3855 1107 3920 mutilis
1129 3852 1290 3919 exhiberi:
1312 3851 1339 3916 si

148 3977 265 4040 poem.
288 4010 298 4026 .
319 4007 328 4025 .
348 3965 500 4042 sequebar
521 3977 621 4044 quam
645 3961 687 4028 ab
708 3963 860 4045 integris:
882 3963 910 4028 si
928 3981 1029 4043 ocos.
1053 4009 1060 4026 .
1084 4013 1092 4030 .
1113 3963 1299 4041 sequautur.

257 4091 316 4157 His
344 4093 424 4158 locis
451 4111 519 4158 non
546 4093 644 4176 pauci
671 4097 812 4196 possunt
841 4093 918 4159 addi
939 4096 972 4158 et
994 4092 1139 4158 eiusdem
1161 4091 1288 4174 generis
1309 4094 1342 4155 et

145 4195 285 4275 similis,
316 4198 351 4264 in
381 4218 446 4282 quo
476 4219 613 4266 numero
641 4202 792 4280 semei,
822 4199 1006 4270 ubimutil.
1028 4214 1202 4282 perseum
1224 4198 1340 4280 integr.

151 4305 251 4386 parte
269 4307 441 4386 consentit,
461 4309 500 4372 ut
521 4309 553 4372 et
573 4307 591 4391 9
616 4307 675 4374 116
697 4312 810 4373 utrum
831 4306 973 4372 bvoluta
999 4307 1095 4389 (mut.
1115 4305 1203 4370 Eins.
1224 4305 1287 4370 vit.
1313 4305 1341 4385 ²)
