3076 4728
765 295 803 358 10

684 378 881 390 m

289 495 323 576 b)
356 492 495 559 Codex
516 491 734 558 Gudianus
754 493 784 570 8,
807 493 840 557 h.
862 511 888 556 e.
912 486 1074 574 particula
1092 484 1211 550 codicis
1226 483 1373 550 Wolfen·

187 601 350 668 buttelani
379 601 465 666 foliis
495 601 648 666 maximis
675 601 737 666 156
765 600 946 666 constantis
978 617 1062 664 saec.
1092 597 1175 662 XIV.
1203 597 1238 662 in
1266 595 1374 660 Gallia

189 709 309 792 scripti,
332 709 421 791 quod
442 708 557 790 ingens
578 708 733 773 volumen
758 709 881 790 scripta
901 705 1006 772 XXVI
1035 707 1217 771 maximam
1244 710 1372 788 partem

189 817 343 892 Tulliana
358 816 594 899 complectitur,
616 817 657 882 de
672 835 739 898 qua
749 837 785 882 re
794 816 992 882 conferenda
1007 819 1057 880 est
1069 815 1192 880 Halmii
1205 834 1371 882 commen-

187 926 323 992 tationis
347 945 422 990 »zur
435 925 801 992 Handschrittenkunde
821 926 879 992 der
900 923 1044 992 Ciceron.
1061 923 1255 1004 Schriften«,
1276 925 1370 990 Mim-

189 1035 272 1100 chen
296 1033 385 1110 1850,
413 1051 488 1114 pag.
511 1033 539 1099 7.
576 1032 653 1098 Eius
682 1033 800 1098 codicis
828 1031 909 1096 nihil
937 1032 1019 1096 mihi
1047 1032 1081 1098 iri
1108 1051 1211 1098 manu
1239 1037 1288 1102 est
1308 1033 1371 1099 nisi

189 1141 320 1208 collatio
340 1139 466 1220 Kleinii,
498 1159 598 1221 quarn
630 1139 810 1222 divulgavit
831 1139 997 1204 Goellerus
1024 1139 1059 1203 in
1081 1159 1121 1204 ea
1142 1159 1243 1222 quam
1270 1161 1371 1224 supra

188 1250 256 1316 dixi
271 1247 418 1314 Oratoris
439 1247 581 1312 editione
601 1247 646 1330 (p.
659 1247 722 1312 169
737 1246 831 1330 squ),
854 1247 910 1329 qui
924 1251 1036 1312 tamen
1050 1247 1221 1314 Schuetzio
1237 1253 1372 1316 auctore

181 1377 308 1424 nomen
337 1357 366 1422 ei
394 1355 512 1420 indidit
533 1353 787 1437 Guelferbytano
809 1353 897 1438 (Gn.)
919 1355 948 1420 3.

290 1465 321 1547 c)
353 1465 492 1530 Codex
512 1463 793 1545 Erlangensis
812 1465 862 1542 39,
888 1483 986 1546 quem
1013 1463 1039 1531 J.
1061 1464 1214 1530 Muellero
1238 1470 1370 1532 auctore

188 1573 263 1642 Chr.
285 1573 529 1638 Hoernerus
551 1572 758 1654 (Programm
781 1573 838 1638 der
856 1573 1369 1643 k.Studienanst.Zweibr1icken
1445 1621 1450 1628 -

189 1681 282 1766 1878)
304 1700 436 1746 summa
457 1681 565 1746 denuo
587 1671 723 1748 contulit
744 1681 921 1763 diligentia.

292 1791 325 1868 d)
361 1789 486 1853 Vetus
519 1789 634 1868 (codex
666 1788 786 1868 Caroli)
820 1788 1046 1871 Stephani,
1085 1789 1177 1854 cuius
1217 1789 1370 1856 lectiones

188 1899 322 1965 editioni
335 1897 448 1979 Steph.
462 1895 637 1962 Parisiensi
649 1915 679 1960 a.
690 1895 773 1960 1555
794 1895 940 1960 adiectae
960 1899 992 1960 et
1012 1916 1033 1960 a
1051 1896 1181 1979 Meyero
1203 1897 1259 1981 (M.
1274 1898 1371 1964 Tullii

188 2007 354 2073 Ciceronis
377 2005 506 2082 Orator,
528 2005 659 2087 Lipsiae
684 2003 776 2086 1817)
798 2003 948 2086 prolatae
968 2007 1054 2069 sunt.

290 2130 375 2211 Nam
397 2128 518 2194 codicis
539 2127 723 2208 Pithoeani,
745 2130 839 2197 codd.
861 2130 1002 2194 duorum
1017 2129 1148 2210 Palae,
1170 2131 1263 2198 codd.
1279 2135 1370 2211 mut,

187 2239 306 2322 quibus
320 2237 500 2302 Lambinus
513 2255 591 2302 usus
605 2242 664 2316 est,
685 2239 856 2320 pauciores
870 2242 971 2304 notae
986 2241 1063 2303 sunt
1084 2239 1245 2318 lectiones
1268 2259 1368 2322 quam

187 2367 327 2431 quorum
350 2347 434 2412 ratio
455 2345 627 2412 habeatur.

290 2464 423 2529 Illorum
446 2464 595 2528 codicum
617 2462 828 2528 Abrincensis
850 2467 887 2528 ut
903 2481 970 2528 non
985 2464 1090 2528 solum
1112 2468 1161 2530 est
1182 2465 1369 2548 antiquissi-

186 2592 270 2652 mus,
286 2573 343 2638 sed
356 2575 456 2638 etiam
469 2573 578 2637 minus
591 2571 706 2637 ceteris
721 2572 843 2638 mutilis
857 2572 1044 2651 mendosus,
1057 2571 1104 2638 ita
1115 2591 1154 2638 ex
1165 2573 1281 2659 eodem
1292 2593 1369 2639 eum

186 2701 252 2764 quo
275 2684 400 2746 ceteros
421 2681 521 2744 libros
543 2684 624 2748 mut.
647 2681 778 2746 fluxisse
800 2682 938 2748 constat.
981 2681 1020 2746 Et
1051 2681 1094 2744 de
1122 2680 1219 2744 huius
1249 2681 1369 2745 codicis

185 2793 306 2854 natura
328 2793 359 2853 et
380 2789 421 2853 de
437 2787 866 2871 GudianiErlangensisque
885 2789 917 2854 C.
942 2789 1233 2871 Stegmanuius,
1255 2789 1314 2853 etsi
1335 2792 1369 2853 et

186 2897 425 2962 Schneidewini
440 2897 613 2962 collatione
623 2897 697 2961 libri
708 2896 840 2965 Abrinc.
853 2915 973 2962 manca
985 2901 1017 2962 et
1028 2896 1200 2962 collatione
1210 2897 1369 2962 Hoerneri

184 3007 256 3094 cod.
279 3005 409 3086 Erlang.
425 3005 554 3087 integra
576 3005 719 3084 carebat,
741 3005 819 3070 satis
841 3009 927 3070 recte
948 3005 1029 3069 mihi
1043 3005 1172 3070 videtur
1191 3005 1368 3082 iudicasse;

185 3115 242 3196 qui
270 3113 303 3176 in
325 3113 563 3178 dissertationis
593 3103 797 3194 inauguralis
825 3113 880 3194 (de
907 3111 1056 3177 Oratoris
1077 3112 1219 3179 Tulliani
1246 3115 1368 3180 mutilis

186 3223 242 3304 qui
270 3223 422 3288 dicuntur
451 3221 555 3304 libris)
585 3241 616 3304 p.
648 3222 687 3286 10
715 3239 804 3304 seqq.
833 3221 916 3286 haec
943 3221 1089 3288 disserit:
1134 3223 1240 3287 »Satis
1269 3222 1369 3304 igitur

185 3333 338 3394 accurate
358 3329 413 3394 hic
433 3329 516 3394 liber
536 3329 676 3412 scriptus
692 3334 748 3408 est,
770 3349 876 3411 neque
891 3333 938 3394 est
954 3329 1100 3408 omnino,
1121 3349 1179 3394 cur
1199 3333 1369 3413 tantopere

185 3439 228 3504 ab
250 3438 430 3504 editoribus
451 3441 490 3503 ut
509 3441 681 3520 corruptus
702 3441 734 3502 et
754 3437 969 3520 interpolatus
992 3440 1175 3519 respuatur.
1196 3431 1234 3488 -'
1257 3439 1369 3520 Longe

184 3565 261 3610 vero
279 3547 344 3611 alia
359 3565 411 3611 res
428 3549 477 3610 est
498 3546 532 3611 in
554 3545 645 3611 libris
667 3545 730 3614 Erl.
753 3551 785 3612 et
798 3545 899 3613 Gud:
921 3547 977 3628 qui
998 3547 1060 3610 etsi
1082 3563 1121 3610 ex
1141 3548 1257 3611 eodem
1278 3547 1368 3612 fonte

184 3674 224 3719 ex
246 3673 311 3736 quo
330 3653 408 3720 Abr.
426 3653 602 3733 fluxerunt,
624 3657 737 3720 tamen
759 3656 815 3736 qui
835 3673 893 3718 eos
914 3655 1113 3738 scripserunt
1140 3654 1236 3720 valde
1258 3655 1368 3737 negle-

184 3767 299 3844 genter
320 3765 352 3828 et
374 3782 414 3826 ex
434 3761 571 3828 arbitrio
593 3781 654 3828 suo
670 3767 817 3828 versatos
839 3781 909 3828 esse
930 3781 1028 3828 nemo
1049 3779 1117 3828 non
1138 3763 1254 3842 ridet«
1284 3763 1368 3829 Rec-

182 3871 308 3938 tissime
330 3877 440 3937 autem
463 3872 511 3936 ita
532 3871 706 3954 distinguit
726 3871 914 3936 Gudianum
930 3871 973 3936 ab
987 3871 1128 3952 Erlang,
1149 3875 1187 3935 ut
1204 3871 1289 3950 huic,
1311 3872 1367 3955 qui

182 3979 296 4044 multis
307 3979 386 4044 locis
407 3978 714 4061 interpolationibus
727 3983 758 4044 et
768 3979 1002 4044 additamentis
1019 3975 1192 4061 corruptus
1202 3978 1254 4057 sit,
1273 3977 1366 4044 illurn

184 4087 289 4152 multo
317 4089 509 4169 praeponat.
552 4085 665 4168 Neque
693 4089 817 4150 tamen.
834 4085 1024 4165 negandum
1053 4087 1103 4149 est
1131 4085 1262 4169 Erlang.
1291 4105 1367 4152 cum

182 4194 355 4276 permultis
377 4194 457 4259 locis
476 4193 631 4259 exhibere
652 4213 747 4259 veras
769 4193 924 4259 lectiones
944 4196 1017 4258 tum
1035 4193 1143 4260 solum
1165 4215 1205 4260 ex
1225 4197 1313 4262 notis
1335 4199 1367 4261 et

182 4301 309 4366 collatis
330 4301 420 4366 libris
443 4302 582 4368 alteram
593 4301 723 4366 tradere
734 4305 865 4384 partem
888 4302 1050 4366 enuntiati
1072 4303 1090 4387 ὅ
1113 4303 1174 4368 185
1196 4304 1239 4370 ah
1261 4303 1367 4368 verbis
