3076 4728
613 297 730 396 Ἀ33

116 499 251 582 quidem
274 497 364 562 nullo
385 501 482 579 pacto
504 515 637 579 possum
660 497 868 578 perscrutari.
910 495 1071 576 Adipatoc
1091 495 1209 560 deinde
1231 495 1303 579 §95

113 607 332 685 vocabulum,
364 605 453 687 quod
484 609 533 670 est
560 605 594 669 in
615 605 713 669 Nonii
744 604 829 669 libro
850 605 895 687 (p.
917 603 989 687 69),
1016 607 1104 668 recte
1126 623 1160 668 se
1181 603 1304 668 habere

115 717 366 786 demonstratur
387 715 484 780 huius
505 715 625 780 codicis
646 713 793 780 lectione.
830 712 923 792 Quae
945 715 1056 777 autem
1078 712 1208 777 suntin
1230 711 1305 795 §30

114 827 145 887 ct
177 821 232 902 pai
268 827 301 886 et
335 823 369 888 in
404 822 422 906 9
452 822 493 888 47
527 825 677 886 cmaaaat
711 825 743 886 et
779 821 813 885 in
848 821 866 904 ξ
897 821 936 885 51
978 817 1194 884 Charmadam
1229 821 1304 898 (Vit.

115 930 335 1008 Carneadem,
369 929 435 996 alia
467 929 546 1008 alii),
578 949 617 994 ea
649 933 736 996 recte
768 929 812 994 ab
844 928 908 993 hoc
938 927 1023 991 libro
1053 945 1119 992 uno
1153 927 1304 1010 praeberi

116 1042 267 1120 apparet.
310 1026 407 1116 Quod
429 1037 447 1120 ἐ
469 1038 510 1102 68
531 1037 715 1120 Madvigius
736 1036 901 1120 perspexit
922 1036 1126 1101 coniectura:
1154 1035 1305 1100 nonnulli

117 1165 229 1210 eorum
251 1145 423 1226 voluptati,
444 1145 521 1232 bloi
543 1145 586 1228 (i)
616 1150 648 1212 et
675 1145 827 1210 Lambini
857 1143 910 1227 (ci.
940 1143 990 1208 ed.
1019 1162 1049 1209 a.
1074 1143 1154 1207 1573
1175 1161 1207 1226 p.
1228 1142 1304 1222 601)

117 1259 246 1319 secutus
268 1254 380 1335 aliqua
401 1271 442 1316 ex
460 1256 555 1334 parte
569 1253 809 1330 auctoritatem,
830 1253 871 1316 de
885 1250 999 1317 vocab.
1016 1250 1176 1330 voluptati
1189 1268 1305 1316 verum

119 1362 274 1426 essehoc
297 1361 408 1424 codice
429 1359 662 1437 consumatum
689 1381 755 1442 qua
776 1360 817 1426 de
838 1379 874 1424 re
894 1377 1001 1442 neque
1022 1358 1207 1441 Sauppium
1230 1359 1261 1438 (l.
1283 1359 1304 1426 l.

114 1488 146 1550 p.
179 1470 214 1532 11
248 1487 336 1549 seq.:
370 1466 603 1532 nonnullorum
633 1469 816 1546 voluptate,
849 1486 949 1549 quam
981 1467 1088 1549 ipsam
1120 1466 1256 1549 praebet
1283 1466 1305 1531 l.

113 1577 213 1641 Laur.
237 1573 288 1656 18)
310 1592 417 1654 neque
434 1573 619 1656 Stanglium
641 1576 674 1657 (l.
690 1576 710 1641 l.
725 1594 758 1657 p.
773 1577 828 1640 DD:
849 1575 1085 1640 nonnullorum
1107 1574 1303 1654 voluntates)

114 1686 200 1750 bene
221 1679 397 1746 coniecisse
418 1682 626 1763 perspicuum
648 1687 705 1748 est.
748 1683 869 1746 Forma
898 1681 990 1747 verbi
1018 1680 1130 1746 babeat
1158 1682 1303 1748 eiusdem

114 1810 199 1873 par,
222 1807 307 1870 quae
321 1789 354 1853 in
366 1788 497 1854 Victorii
520 1809 652 1871 quoque
666 1791 715 1856 ed.
732 1791 905 1869 invenitur,
927 1795 1014 1855 recte
1028 1810 1063 1854 se
1078 1791 1200 1856 habere
1214 1791 1303 1856 vide-

114 1904 186 1974 tur3
218 1897 299 1962 haec
328 1898 415 1962 enim
437 1899 522 1962 inest
543 1899 576 1962 in
599 1899 661 1964 illis
682 1899 790 1964 verbis
818 1899 997 1964 sententia:
1033 1917 1304 1982 »angenommea

116 2025 151 2070 es
172 2010 262 2068 ware
283 2004 369 2068 noch
391 2009 492 2070 etwas
506 2005 612 2071 daran
627 2025 666 2072 zu
680 2007 931 2073 untersuchena¹
966 2007 1061 2072 Solus
1076 2007 1217 2089 denique
1230 2009 1302 2078 cod.

116 2112 249 2178 exhibet
269 2131 348 2176 rere
369 2111 388 2194 θ
409 2111 467 2176 80:
500 2117 533 2177 et
552 2113 758 2191 inusitatum,
787 2134 812 2178 s.
834 2134 860 2181 e.
884 2115 1058 2192 iausitata3
1090 2115 1187 2182 ceteri
1208 2117 1301 2183 codd.

119 2221 271 2286 tradunt:
293 2220 468 2297 usitatum,
490 2239 515 2289 s,
539 2241 565 2286 e.
587 2222 721 2286 usitata.

223 2344 296 2409 Hae
327 2346 422 2422 sunt,
458 2361 540 2426 quas
571 2363 658 2409 unus
691 2345 833 2411 servavit
868 2345 970 2413 codex
1003 2347 1156 2413 lectiones
1190 2369 1302 2431 veras3

121 2451 286 2516 nonnullis
307 2451 386 2517 locis
408 2471 475 2517 non
496 2451 586 2516 solus
607 2452 748 2534 quidem,
770 2455 827 2518 sed
849 2472 924 2518 cum
945 2473 1012 2519 uno
1031 2473 1071 2519 ex
1085 2456 1178 2521 codd.
1192 2459 1302 2541 tradit,

122 2557 342 2638 quadrarum
366 2564 432 2624 est:
460 2559 543 2642 §20
563 2558 666 2623 limati
686 2579 763 2624 cum
784 2561 847 2627 Vit.
870 2561 957 2642 (cett.
979 2561 1125 2644 limata),
1151 2562 1231 2645 §26
1253 2567 1302 2631 ia·

120 2662 251 2726 candeas
272 2685 346 2730 cum
368 2667 427 2735 Gu.
454 2671 480 2734 1.
503 2668 603 2750 (Dias.
626 2669 809 2748 intendens,
831 2673 905 2736 cett.
927 2669 1104 2752 incedens),
1126 2671 1200 2754 §36
1221 2675 1302 2740 aiios

119 2808 161 2820 -
183 2770 265 2836 aiios
285 2791 359 2838 cum
380 2775 478 2852 Eins,
513 2777 568 2857 qui
597 2777 683 2842 idem
712 2798 798 2842 unus
825 2798 939 2844 veram
966 2799 997 2846 v.
1019 2780 1161 2846 formam
1183 2783 1301 2848 tradit:

119 2879 281 2945 delectant
303 2881 388 2961 (cett.
410 2882 493 2947 alius
517 2917 552 2929 -
576 2885 683 2966 alius),
705 2885 724 2968 ἕ
745 2885 787 2950 69
807 2886 863 2950 off.
885 2887 1024 2952 oratoris
1042 2905 1118 2952 cum
1140 2887 1194 2954 Dr.
1216 2893 1301 2970 (cett.

119 2987 299 3070 orationis),
328 2989 346 3073 θ
369 2990 410 3054 70
438 2995 468 3054 et
495 2991 529 3055 in
557 2993 721 3073 poematis
748 2993 802 3077 (cf.
825 2994 950 3062 CharIs.
979 2995 1092 3078 p.141
1123 2997 1173 3064 ed,
1195 2997 1303 3082 Keilii)

120 3112 193 3160 cum
215 3093 271 3160 Dr.
293 3095 343 3178 (ut
362 3095 501 3177 videtur,
523 3096 582 3162 Gu.
608 3099 636 3163 1.
657 3099 691 3162 in
719 3101 891 3182 poematia
920 3101 1007 3169 Dina
1028 3101 1091 3167 Vit
1112 3103 1147 3166 in
1167 3121 1303 3186 poema-

120 3201 215 3282 tibus,
237 3203 297 3270 Gu.
319 3204 348 3270 D.
371 3215 461 3286 om),
493 3205 512 3288 ὅ
532 3205 574 3270 89
594 3225 633 3270 ca
652 3210 804 3290 tempore
824 3228 899 3274 curn
921 3209 1009 3274 Eius.
1031 3211 1063 3293 (e
1083 3215 1182 3293 temp.
1205 3211 1304 3293 Mon,

121 3313 191 3375 cett.
206 3313 378 3395 tempore).
409 3311 664 3399 Admonendum
680 3319 738 3394 est,
760 3334 861 3397 quam
872 3315 940 3400 §51
956 3317 1116 3400 praebent
1128 3318 1303 3384 lectionem

122 3417 207 3485 Dina
229 3419 282 3487 Dr.
305 3419 364 3488 Gu.
390 3421 417 3488 1.
439 3421 489 3488 a:
518 3427 547 3486 et
575 3422 664 3504 quid,
692 3442 767 3488 eam
795 3442 909 3489 veram
931 3445 1002 3492 esse
1029 3425 1093 3490 hoc
1113 3426 1303 3492 confirmari

120 3525 240 3592 codice.
256 3527 403 3614 itemque
423 3531 514 3598 haud
527 3553 605 3598 raro
619 3533 764 3598 codicem
780 3552 855 3598 cum
870 3539 965 3616 parte
985 3536 1078 3602 codd.
1094 3555 1151 3600 scu
1173 3535 1303 3601 duobus

120 3653 175 3700 seu
189 3635 339 3718 pluribus
353 3639 610 3705 consentientem
625 3659 704 3706 vera
717 3640 859 3720 tradere,
880 3646 917 3706 ut
932 3642 950 3725 5
964 3641 999 3707 11
1017 3661 1088 3706 cara
1101 3643 1303 3726 (antiquam)

121 3743 250 3810 exbibet
271 3765 347 3812 cum
369 3749 455 3818 Dina.
478 3753 510 3815 et
532 3749 591 3816 Gu.
616 3751 642 3814 1.
665 3749 752 3834 (cett.
774 3752 879 3829 tum),
912 3750 930 3833 5
953 3751 996 3816 80
1023 3751 1083 3815 levi
1110 3767 1187 3816 cum
1214 3751 1302 3820 Eins,

122 3848 178 3918 Gu,
203 3855 229 3922 1.
251 3855 280 3923 D.
303 3855 391 3939 (cett.
414 3858 509 3940 leni),
542 3857 560 3940 5
581 3857 622 3921 83
643 3858 819 3939 ceteroquin
848 3877 924 3924 cum
953 3859 1040 3926 Eius,
1070 3863 1103 3924 et
1130 3859 1184 3925 Dr.
1215 3861 1301 3940 (cett.

122 3977 177 4022 seu
191 3965 298 4029 cetera
313 3983 371 4030 seu
386 3965 563 4049 certoque),
583 3984 652 4031 non
673 3971 722 4031 est
743 3985 801 4031 cur
821 3967 971 4050 pluribus
993 3967 1167 4033 ostendam
1184 3967 1302 4034 verbis.

221 4077 269 4142 Ex
284 4082 341 4160 eia,
358 4101 444 4164 quae
458 4100 561 4166 supra
572 4083 718 4166 exposui,
732 4103 800 4149 non
815 4085 959 4167 vulgaris
970 4089 1070 4150 notae
1080 4085 1168 4148 hunc
1181 4084 1302 4150 librum

121 4201 189 4248 esse
218 4182 313 4250 facile
344 4188 532 4270 apparebit:
562 4207 648 4272 quae
679 4209 732 4256 res
760 4195 797 4255 ut
823 4191 983 4256 lectorum
1014 4210 1082 4256 non
1112 4191 1302 4273 cogitationi

119 4292 234 4371 solum,
252 4293 310 4357 sed
324 4295 426 4359 oculis
441 4296 541 4361 etiam
556 4298 747 4375 subiciatur,
762 4297 916 4362 lectiones
931 4298 1000 4363 eius
1014 4299 1300 4381 paragraphorum

1106 4405 1124 4461 3
