<?xml version="1.0" encoding="UTF-8"?>
<!DOCTYPE html PUBLIC "-//W3C//DTD XHTML 1.0 Transitional//EN"
    "http://www.w3.org/TR/xhtml1/DTD/xhtml1-transitional.dtd">
<html xmlns="http://www.w3.org/1999/xhtml" xml:lang="en" lang="en">
 <head>
  <title>
</title>
<meta http-equiv="Content-Type" content="text/html;charset=utf-8" />
  <meta name='ocr-system' content='tesseract 3.04.00' />
  <meta name='ocr-capabilities' content='ocr_page ocr_carea ocr_par ocr_line ocrx_word'/>
</head>
<body>
  <div class='ocr_page' id='page_1' title='image "./deoratoristulli00rubngoog_0045.png"; bbox 0 0 3076 4728; ppageno 0'>
   <div class='ocr_carea' id='block_1_1' title="bbox 804 264 847 328">
    <p class='ocr_par' dir='ltr' id='par_1_1' title="bbox 804 264 847 328">
     <span class='ocr_line' id='line_1_1' title="bbox 804 264 847 328; baseline 0 0"><span class='ocrx_word' id='word_1_1' title='bbox 804 264 847 328; x_wconf 90' lang='grc'>40</span> 
     </span>
    </p>
   </div>
   <div class='ocr_carea' id='block_1_2' title="bbox 101 459 1504 850">
    <p class='ocr_par' dir='ltr' id='par_1_2' title="bbox 101 459 1504 850">
     <span class='ocr_line' id='line_1_2' title="bbox 101 459 1504 546; baseline 0.002 -21"><span class='ocrx_word' id='word_1_2' title='bbox 101 461 103 466; x_wconf 86' lang='grc'><strong>’</strong></span> <span class='ocrx_word' id='word_1_3' title='bbox 243 462 322 546; x_wconf 83' lang='grc'>547</span> <span class='ocrx_word' id='word_1_4' title='bbox 356 461 451 544; x_wconf 86' lang='lat' dir='ltr'>aptis,</span> <span class='ocrx_word' id='word_1_5' title='bbox 462 480 535 543; x_wconf 82' lang='lat' dir='ltr'>gen.</span> <span class='ocrx_word' id='word_1_6' title='bbox 547 459 646 544; x_wconf 83' lang='lat' dir='ltr'>dicet]</span> <span class='ocrx_word' id='word_1_7' title='bbox 663 461 748 543; x_wconf 87' lang='lat' dir='ltr'>aptis</span> <span class='ocrx_word' id='word_1_8' title='bbox 759 461 951 542; x_wconf 80' lang='lat' dir='ltr'>generatim,</span> <span class='ocrx_word' id='word_1_9' title='bbox 967 461 1117 528; x_wconf 87' lang='lat' dir='ltr'>discet·-</span> <span class='ocrx_word' id='word_1_10' title='bbox 1133 463 1261 545; x_wconf 80' lang='lat' dir='ltr'>seligat]</span> <span class='ocrx_word' id='word_1_11' title='bbox 1284 463 1414 544; x_wconf 85' lang='lat' dir='ltr'>seleget.</span> <span class='ocrx_word' id='word_1_12' title='bbox 1502 483 1504 498; x_wconf 52' lang='lat'>2</span> 
     </span>
     <span class='ocr_line' id='line_1_3' title="bbox 243 567 1107 653; baseline 0.005 -19"><span class='ocrx_word' id='word_1_13' title='bbox 243 571 324 653; x_wconf 86' lang='grc'>548</span> <span class='ocrx_word' id='word_1_14' title='bbox 356 569 395 634; x_wconf 91' lang='lat' dir='ltr'>iis</span> <span class='ocrx_word' id='word_1_15' title='bbox 416 567 538 651; x_wconf 84' lang='lat' dir='ltr'>praes]</span> <span class='ocrx_word' id='word_1_16' title='bbox 561 567 611 632; x_wconf 90' lang='lat' dir='ltr'>his</span> <span class='ocrx_word' id='word_1_17' title='bbox 630 587 736 650; x_wconf 89' lang='lat' dir='ltr'>praes.</span> <span class='ocrx_word' id='word_1_18' title='bbox 762 604 796 615; x_wconf 93' lang='lat'>-</span> <span class='ocrx_word' id='word_1_19' title='bbox 820 568 896 652; x_wconf 83' lang='lat' dir='ltr'>sec]</span> <span class='ocrx_word' id='word_1_20' title='bbox 918 569 1107 638; x_wconf 77' lang='lat' dir='ltr'>foecundae.</span> 
     </span>
     <span class='ocr_line' id='line_1_4' title="bbox 244 675 1413 760; baseline 0.003 -22"><span class='ocrx_word' id='word_1_21' title='bbox 244 676 324 758; x_wconf 87' lang='grc'>549</span> <span class='ocrx_word' id='word_1_22' title='bbox 355 676 446 740; x_wconf 82' lang='lat' dir='ltr'>suis?</span> <span class='ocrx_word' id='word_1_23' title='bbox 474 675 542 740; x_wconf 90' lang='lat' dir='ltr'>Aut</span> <span class='ocrx_word' id='word_1_24' title='bbox 573 695 616 742; x_wconf 93' lang='lat' dir='ltr'>m.</span> <span class='ocrx_word' id='word_1_25' title='bbox 640 675 738 759; x_wconf 89' lang='lat' dir='ltr'>dura]</span> <span class='ocrx_word' id='word_1_26' title='bbox 775 676 864 740; x_wconf 79' lang='lat' dir='ltr'>suis?</span> <span class='ocrx_word' id='word_1_27' title='bbox 896 679 933 740; x_wconf 89' lang='lat' dir='ltr'>ut</span> <span class='ocrx_word' id='word_1_28' title='bbox 962 697 1005 744; x_wconf 90' lang='lat' dir='ltr'>m.</span> <span class='ocrx_word' id='word_1_29' title='bbox 1035 679 1141 744; x_wconf 75' lang='lat' dir='ltr'>dura?</span> <span class='ocrx_word' id='word_1_30' title='bbox 1171 713 1211 726; x_wconf 89' lang='lat'>-</span> <span class='ocrx_word' id='word_1_31' title='bbox 1242 677 1413 760; x_wconf 78' lang='lat' dir='ltr'>obstabit]</span> 
     </span>
     <span class='ocr_line' id='line_1_5' title="bbox 357 783 526 850; baseline -0.006 -1"><span class='ocrx_word' id='word_1_32' title='bbox 357 783 526 850; x_wconf 72' lang='lat' dir='ltr'>obstabit?</span> 
     </span>
    </p>
   </div>
   <div class='ocr_carea' id='block_1_3' title="bbox 244 889 1185 1002">
    <p class='ocr_par' dir='ltr' id='par_1_3' title="bbox 244 889 1185 1002">
     <span class='ocr_line' id='line_1_6' title="bbox 244 889 1185 1002; baseline 0.001 -21"><span class='ocrx_word' id='word_1_33' title='bbox 244 918 261 1002; x_wconf 69' lang='grc' dir='ltr'><strong>ς</strong></span> <span class='ocrx_word' id='word_1_34' title='bbox 283 919 326 982; x_wconf 86' lang='lat'>50</span> <span class='ocrx_word' id='word_1_35' title='bbox 374 889 376 892; x_wconf 75' lang='grc'><strong>’</strong></span> <span class='ocrx_word' id='word_1_36' title='bbox 585 917 655 1002; x_wconf 79' lang='lat' dir='ltr'>[roi.</span> <span class='ocrx_word' id='word_1_37' title='bbox 676 918 733 982; x_wconf 71' lang='lat' dir='ltr'>osv</span> <span class='ocrx_word' id='word_1_38' title='bbox 755 953 791 964; x_wconf 91' lang='grc'>-</span> <span class='ocrx_word' id='word_1_39' title='bbox 815 917 897 981; x_wconf 69' lang='lat' dir='ltr'>noro</span> <span class='ocrx_word' id='word_1_40' title='bbox 918 938 979 998; x_wconf 68' lang='lat' dir='ltr'>qna</span> <span class='ocrx_word' id='word_1_41' title='bbox 1003 917 1088 998; x_wconf 68' lang='grc'>665,</span> <span class='ocrx_word' id='word_1_42' title='bbox 1110 917 1185 1000; x_wconf 69' lang='lat' dir='ltr'>cea]</span> 
     </span>
    </p>
   </div>
   <div class='ocr_carea' id='block_1_4' title="bbox 242 1041 1512 1993">
    <p class='ocr_par' dir='ltr' id='par_1_4' title="bbox 356 1041 913 1134">
     <span class='ocr_line' id='line_1_7' title="bbox 356 1041 913 1134; baseline -0.004 -27"><span class='ocrx_word' id='word_1_43' title='bbox 356 1043 430 1126; x_wconf 88' lang='lat' dir='ltr'>etsi]</span> <span class='ocrx_word' id='word_1_44' title='bbox 454 1046 486 1107; x_wconf 86' lang='lat' dir='ltr'>et</span> <span class='ocrx_word' id='word_1_45' title='bbox 506 1042 533 1106; x_wconf 87' lang='lat' dir='ltr'>si</span> <span class='ocrx_word' id='word_1_46' title='bbox 556 1041 615 1125; x_wconf 89' lang='lat' dir='ltr'>(sic</span> <span class='ocrx_word' id='word_1_47' title='bbox 636 1043 718 1114; x_wconf 85' lang='lat' dir='ltr'>solet</span> <span class='ocrx_word' id='word_1_48' title='bbox 740 1061 800 1110; x_wconf 88' lang='lat' dir='ltr'>scr.</span> <span class='ocrx_word' id='word_1_49' title='bbox 823 1042 913 1134; x_wconf 73' lang='lat' dir='ltr'>libr.)</span> 
     </span>
    </p>

    <p class='ocr_par' dir='ltr' id='par_1_5' title="bbox 242 1149 1110 1233">
     <span class='ocr_line' id='line_1_8' title="bbox 242 1149 1110 1233; baseline 0 -19"><span class='ocrx_word' id='word_1_50' title='bbox 242 1150 319 1232; x_wconf 84' lang='grc'>551</span> <span class='ocrx_word' id='word_1_51' title='bbox 354 1149 499 1233; x_wconf 85' lang='lat' dir='ltr'>Clitom]</span> <span class='ocrx_word' id='word_1_52' title='bbox 523 1149 787 1216; x_wconf 85' lang='lat' dir='ltr'>Clithomachum</span> <span class='ocrx_word' id='word_1_53' title='bbox 813 1186 847 1198; x_wconf 89' lang='lat'><em>-</em></span> <span class='ocrx_word' id='word_1_54' title='bbox 871 1149 994 1232; x_wconf 85' lang='lat' dir='ltr'>causis]</span> <span class='ocrx_word' id='word_1_55' title='bbox 1017 1149 1110 1214; x_wconf 88' lang='lat' dir='ltr'>casis.</span> 
     </span>
    </p>

    <p class='ocr_par' dir='ltr' id='par_1_6' title="bbox 243 1257 1417 1561">
     <span class='ocr_line' id='line_1_9' title="bbox 243 1257 1416 1341; baseline 0.003 -21"><span class='ocrx_word' id='word_1_56' title='bbox 243 1258 261 1340; x_wconf 90' lang='grc'>5</span> <span class='ocrx_word' id='word_1_57' title='bbox 282 1260 322 1322; x_wconf 83' lang='lat'>52</span> <span class='ocrx_word' id='word_1_58' title='bbox 354 1258 433 1341; x_wconf 76' lang='lat' dir='ltr'>litt]</span> <span class='ocrx_word' id='word_1_59' title='bbox 456 1258 556 1324; x_wconf 88' lang='lat' dir='ltr'>literis</span> <span class='ocrx_word' id='word_1_60' title='bbox 580 1294 619 1306; x_wconf 88' lang='lat'>-</span> <span class='ocrx_word' id='word_1_61' title='bbox 641 1258 773 1341; x_wconf 77' lang='lat' dir='ltr'>sciscit]</span> <span class='ocrx_word' id='word_1_62' title='bbox 804 1257 914 1322; x_wconf 86' lang='lat' dir='ltr'>scitari</span> <span class='ocrx_word' id='word_1_63' title='bbox 937 1293 974 1310; x_wconf 49' lang='lat'>³—</span> <span class='ocrx_word' id='word_1_64' title='bbox 997 1258 1060 1322; x_wconf 87' lang='lat' dir='ltr'>hoc</span> <span class='ocrx_word' id='word_1_65' title='bbox 1081 1258 1178 1341; x_wconf 91' lang='lat' dir='ltr'>mihi]</span> <span class='ocrx_word' id='word_1_66' title='bbox 1208 1258 1240 1324; x_wconf 91' lang='lat' dir='ltr'>id</span> <span class='ocrx_word' id='word_1_67' title='bbox 1267 1260 1346 1324; x_wconf 91' lang='lat' dir='ltr'>mihi</span> <span class='ocrx_word' id='word_1_68' title='bbox 1377 1297 1416 1307; x_wconf 88' lang='lat'>—</span> 
     </span>
     <span class='ocr_line' id='line_1_10' title="bbox 355 1367 1417 1459; baseline -0.001 -26"><span class='ocrx_word' id='word_1_69' title='bbox 355 1369 438 1459; x_wconf 74' lang='lat' dir='ltr'>Rem</span> <span class='ocrx_word' id='word_1_70' title='bbox 460 1370 523 1435; x_wconf 86' lang='lat' dir='ltr'>diff</span> <span class='ocrx_word' id='word_1_71' title='bbox 521 1417 650 1437; x_wconf 91' lang='grc'><em>.....</em></span> <span class='ocrx_word' id='word_1_72' title='bbox 673 1368 932 1454; x_wconf 71' lang='lat' dir='ltr'>difficillimam]</span> <span class='ocrx_word' id='word_1_73' title='bbox 955 1389 1024 1434; x_wconf 90' lang='lat' dir='ltr'>rem</span> <span class='ocrx_word' id='word_1_74' title='bbox 1040 1369 1107 1433; x_wconf 87' lang='lat' dir='ltr'>diff.</span> <span class='ocrx_word' id='word_1_75' title='bbox 1129 1367 1187 1452; x_wconf 82' lang='lat' dir='ltr'>(dii</span> <span class='ocrx_word' id='word_1_76' title='bbox 1201 1368 1417 1448; x_wconf 86' lang='lat' dir='ltr'>immortales)</span> 
     </span>
     <span class='ocr_line' id='line_1_11' title="bbox 354 1477 1094 1561; baseline 0.001 -19"><span class='ocrx_word' id='word_1_77' title='bbox 354 1497 383 1544; x_wconf 91' lang='grc'>6.</span> <span class='ocrx_word' id='word_1_78' title='bbox 406 1497 435 1544; x_wconf 91' lang='grc' dir='ltr'>ο.</span> <span class='ocrx_word' id='word_1_79' title='bbox 459 1478 696 1542; x_wconf 85' lang='lat' dir='ltr'>difficillimam.</span> <span class='ocrx_word' id='word_1_80' title='bbox 726 1515 751 1522; x_wconf 91' lang='lat'><em>-</em></span> <span class='ocrx_word' id='word_1_81' title='bbox 781 1481 880 1558; x_wconf 90' lang='lat' dir='ltr'>atque</span> <span class='ocrx_word' id='word_1_82' title='bbox 902 1477 963 1561; x_wconf 83' lang='lat' dir='ltr'>ita]</span> <span class='ocrx_word' id='word_1_83' title='bbox 986 1478 1094 1544; x_wconf 85' lang='lat' dir='ltr'>etita.</span> 
     </span>
    </p>

    <p class='ocr_par' dir='ltr' id='par_1_7' title="bbox 242 1583 1511 1778">
     <span class='ocr_line' id='line_1_12' title="bbox 242 1583 1511 1670; baseline 0 -23"><span class='ocrx_word' id='word_1_84' title='bbox 242 1583 322 1666; x_wconf 87' lang='grc'>553</span> <span class='ocrx_word' id='word_1_85' title='bbox 355 1585 469 1667; x_wconf 88' lang='lat' dir='ltr'>interp.</span> <span class='ocrx_word' id='word_1_86' title='bbox 492 1586 622 1670; x_wconf 66' lang='lat' dir='ltr'>intera]</span> <span class='ocrx_word' id='word_1_87' title='bbox 646 1587 861 1668; x_wconf 82' lang='lat' dir='ltr'>interpuncta,</span> <span class='ocrx_word' id='word_1_88' title='bbox 877 1587 1051 1652; x_wconf 85' lang='lat' dir='ltr'>interualla</span> <span class='ocrx_word' id='word_1_89' title='bbox 1073 1623 1111 1635; x_wconf 91' lang='lat'><em>-</em></span> <span class='ocrx_word' id='word_1_90' title='bbox 1134 1587 1166 1651; x_wconf 90' lang='lat' dir='ltr'>in</span> <span class='ocrx_word' id='word_1_91' title='bbox 1181 1585 1260 1667; x_wconf 88' lang='lat' dir='ltr'>len]</span> <span class='ocrx_word' id='word_1_92' title='bbox 1282 1585 1419 1649; x_wconf 83' lang='lat' dir='ltr'>lenitate</span> <span class='ocrx_word' id='word_1_93' title='bbox 1510 1624 1511 1670; x_wconf 48' lang='grc'>5</span> 
     </span>
     <span class='ocr_line' id='line_1_13' title="bbox 359 1693 1086 1778; baseline 0.007 -22"><span class='ocrx_word' id='word_1_94' title='bbox 359 1727 395 1738; x_wconf 89' lang='grc'>-</span> <span class='ocrx_word' id='word_1_95' title='bbox 417 1693 545 1777; x_wconf 88' lang='lat' dir='ltr'>paullo]</span> <span class='ocrx_word' id='word_1_96' title='bbox 567 1693 667 1776; x_wconf 89' lang='lat' dir='ltr'>paulo</span> <span class='ocrx_word' id='word_1_97' title='bbox 688 1694 757 1776; x_wconf 86' lang='lat' dir='ltr'>(sic,</span> <span class='ocrx_word' id='word_1_98' title='bbox 779 1699 816 1760; x_wconf 90' lang='lat' dir='ltr'>ut</span> <span class='ocrx_word' id='word_1_99' title='bbox 837 1695 912 1773; x_wconf 85' lang='lat' dir='ltr'>vid.,</span> <span class='ocrx_word' id='word_1_100' title='bbox 934 1695 1086 1778; x_wconf 85' lang='lat' dir='ltr'>semper).</span> 
     </span>
    </p>

    <p class='ocr_par' dir='ltr' id='par_1_8' title="bbox 242 1797 1512 1993">
     <span class='ocr_line' id='line_1_14' title="bbox 242 1797 1512 1978; baseline 0.002 -116"><span class='ocrx_word' id='word_1_101' title='bbox 242 1797 323 1881; x_wconf 87' lang='grc'>554</span> <span class='ocrx_word' id='word_1_102' title='bbox 353 1800 461 1884; x_wconf 89' lang='lat' dir='ltr'>coepi]</span> <span class='ocrx_word' id='word_1_103' title='bbox 493 1802 643 1883; x_wconf 86' lang='lat' dir='ltr'>caepi-</span> <span class='ocrx_word' id='word_1_104' title='bbox 669 1805 716 1866; x_wconf 79' lang='lat' dir='ltr'>est</span> <span class='ocrx_word' id='word_1_105' title='bbox 741 1803 981 1872; x_wconf 88' lang='lat' dir='ltr'>-tibi....</span> <span class='ocrx_word' id='word_1_106' title='bbox 1010 1803 1079 1871; x_wconf 88' lang='lat' dir='ltr'>coil.</span> <span class='ocrx_word' id='word_1_107' title='bbox 1104 1804 1157 1888; x_wconf 89' lang='lat'>-]</span> <span class='ocrx_word' id='word_1_108' title='bbox 1187 1805 1234 1869; x_wconf 88' lang='lat' dir='ltr'>est</span> <span class='ocrx_word' id='word_1_109' title='bbox 1265 1803 1324 1867; x_wconf 84' lang='lat' dir='ltr'>tibi</span> <span class='ocrx_word' id='word_1_110' title='bbox 1354 1805 1417 1868; x_wconf 83' lang='lat' dir='ltr'>cet.</span> <span class='ocrx_word' id='word_1_111' title='bbox 1508 1805 1512 1978; x_wconf 83' lang='grc'>5</span> 
     </span>
     <span class='ocr_line' id='line_1_15' title="bbox 355 1909 814 1993; baseline 0.002 -20"><span class='ocrx_word' id='word_1_112' title='bbox 355 1909 438 1990; x_wconf 90' lang='lat' dir='ltr'>(sine</span> <span class='ocrx_word' id='word_1_113' title='bbox 459 1909 566 1992; x_wconf 82' lang='lat' dir='ltr'>signif.</span> <span class='ocrx_word' id='word_1_114' title='bbox 588 1910 753 1993; x_wconf 83' lang='lat' dir='ltr'>parenth.)</span> <span class='ocrx_word' id='word_1_115' title='bbox 779 1948 814 1957; x_wconf 91' lang='lat'>-</span> 
     </span>
    </p>
   </div>
   <div class='ocr_carea' id='block_1_5' title="bbox 540 2041 1112 2131">
    <p class='ocr_par' dir='ltr' id='par_1_9' title="bbox 540 2041 1112 2131">
     <span class='ocr_line' id='line_1_16' title="bbox 540 2041 1112 2131; baseline 0.009 -26"><span class='ocrx_word' id='word_1_116' title='bbox 540 2041 610 2126; x_wconf 85' lang='lat' dir='ltr'>[fol</span> <span class='ocrx_word' id='word_1_117' title='bbox 631 2043 684 2108; x_wconf 91' lang='grc'>99</span> <span class='ocrx_word' id='word_1_118' title='bbox 704 2048 780 2106; x_wconf 79' lang='lat' dir='ltr'>ortu</span> <span class='ocrx_word' id='word_1_119' title='bbox 763 2044 832 2111; x_wconf 73' lang='grc'>’6.66</span> <span class='ocrx_word' id='word_1_120' title='bbox 856 2043 1014 2124; x_wconf 77' lang='lat' dir='ltr'><em>Quomodo</em></span> <span class='ocrx_word' id='word_1_121' title='bbox 1036 2044 1112 2131; x_wconf 82' lang='grc'>665]</span> 
     </span>
    </p>
   </div>
   <div class='ocr_carea' id='block_1_6' title="bbox 281 2166 1413 2356">
    <p class='ocr_par' dir='ltr' id='par_1_10' title="bbox 281 2166 1413 2356">
     <span class='ocr_line' id='line_1_17' title="bbox 281 2166 1413 2252; baseline 0.001 -23"><span class='ocrx_word' id='word_1_122' title='bbox 281 2167 322 2230; x_wconf 92' lang='grc'>55</span> <span class='ocrx_word' id='word_1_123' title='bbox 354 2166 470 2250; x_wconf 90' lang='lat' dir='ltr'>iamd.]</span> <span class='ocrx_word' id='word_1_124' title='bbox 502 2167 754 2232; x_wconf 89' lang='lat' dir='ltr'>iandudum—</span> <span class='ocrx_word' id='word_1_125' title='bbox 782 2169 928 2252; x_wconf 75' lang='lat' dir='ltr'>utam]</span> <span class='ocrx_word' id='word_1_126' title='bbox 892 2189 1088 2252; x_wconf 89' lang='lat' dir='ltr'>ucunque</span> <span class='ocrx_word' id='word_1_127' title='bbox 1118 2205 1158 2216; x_wconf 92' lang='lat'><em>-</em></span> <span class='ocrx_word' id='word_1_128' title='bbox 1186 2168 1290 2252; x_wconf 87' lang='lat' dir='ltr'>volet]</span> <span class='ocrx_word' id='word_1_129' title='bbox 1322 2169 1413 2232; x_wconf 87' lang='lat' dir='ltr'>uolat</span> 
     </span>
     <span class='ocr_line' id='line_1_18' title="bbox 357 2274 496 2356; baseline 0.007 -18"><span class='ocrx_word' id='word_1_130' title='bbox 357 2274 458 2355; x_wconf 86' lang='lat' dir='ltr'>(uolet</span> <span class='ocrx_word' id='word_1_131' title='bbox 469 2277 496 2356; x_wconf 77' lang='grc'>5)</span> 
     </span>
    </p>
   </div>
   <div class='ocr_carea' id='block_1_7' title="bbox 283 2489 1416 2895">
    <p class='ocr_par' dir='ltr' id='par_1_11' title="bbox 283 2489 776 2573">
     <span class='ocr_line' id='line_1_19' title="bbox 283 2489 776 2573; baseline 0.004 -21"><span class='ocrx_word' id='word_1_132' title='bbox 283 2491 323 2554; x_wconf 89' lang='lat'>57</span> <span class='ocrx_word' id='word_1_133' title='bbox 355 2489 462 2573; x_wconf 87' lang='lat' dir='ltr'>[dicit]</span> <span class='ocrx_word' id='word_1_134' title='bbox 484 2490 543 2573; x_wconf 74' lang='lat' dir='ltr'>pi]</span> <span class='ocrx_word' id='word_1_135' title='bbox 567 2489 649 2556; x_wconf 83' lang='lat' dir='ltr'>Dicit</span> <span class='ocrx_word' id='word_1_136' title='bbox 671 2490 776 2572; x_wconf 86' lang='lat' dir='ltr'>plura</span> 
     </span>
    </p>

    <p class='ocr_par' dir='ltr' id='par_1_12' title="bbox 283 2595 1416 2895">
     <span class='ocr_line' id='line_1_20' title="bbox 283 2595 1416 2680; baseline -0.004 -21"><span class='ocrx_word' id='word_1_137' title='bbox 283 2598 324 2661; x_wconf 84' lang='lat'>59</span> <span class='ocrx_word' id='word_1_138' title='bbox 355 2597 487 2662; x_wconf 85' lang='lat' dir='ltr'>bonitas</span> <span class='ocrx_word' id='word_1_139' title='bbox 508 2597 556 2680; x_wconf 89' lang='lat' dir='ltr'>q.]</span> <span class='ocrx_word' id='word_1_140' title='bbox 590 2598 720 2679; x_wconf 89' lang='lat' dir='ltr'>quidem</span> <span class='ocrx_word' id='word_1_141' title='bbox 752 2597 890 2664; x_wconf 90' lang='lat' dir='ltr'>bon.-</span> <span class='ocrx_word' id='word_1_142' title='bbox 851 2600 978 2672; x_wconf 88' lang='lat' dir='ltr'>-t;es</span> <span class='ocrx_word' id='word_1_143' title='bbox 1008 2615 1122 2661; x_wconf 87' lang='lat' dir='ltr'>none.</span> <span class='ocrx_word' id='word_1_144' title='bbox 1145 2617 1171 2662; x_wconf 88' lang='grc'>6</span> <span class='ocrx_word' id='word_1_145' title='bbox 1196 2597 1215 2661; x_wconf 93' lang='lat' dir='ltr'>i.</span> <span class='ocrx_word' id='word_1_146' title='bbox 1238 2595 1348 2678; x_wconf 87' lang='lat' dir='ltr'>nobis]</span> <span class='ocrx_word' id='word_1_147' title='bbox 1370 2596 1416 2656; x_wconf 88' lang='lat' dir='ltr'>est</span> 
     </span>
     <span class='ocr_line' id='line_1_21' title="bbox 357 2698 1414 2788; baseline -0.007 -19"><span class='ocrx_word' id='word_1_148' title='bbox 357 2706 508 2782; x_wconf 87' lang='lat' dir='ltr'>(nonest</span> <span class='ocrx_word' id='word_1_149' title='bbox 529 2725 556 2773; x_wconf 90' lang='lat' dir='ltr'>e</span> <span class='ocrx_word' id='word_1_150' title='bbox 579 2706 599 2770; x_wconf 88' lang='lat' dir='ltr'>i.</span> <span class='ocrx_word' id='word_1_151' title='bbox 620 2706 796 2786; x_wconf 88' lang='lat' dir='ltr'>nobis)-</span> <span class='ocrx_word' id='word_1_152' title='bbox 820 2705 949 2788; x_wconf 89' lang='lat' dir='ltr'>omnes]</span> <span class='ocrx_word' id='word_1_153' title='bbox 979 2705 1146 2770; x_wconf 87' lang='lat' dir='ltr'>omnis-</span> <span class='ocrx_word' id='word_1_154' title='bbox 1171 2724 1217 2786; x_wconf 83' lang='lat' dir='ltr'>gr.</span> <span class='ocrx_word' id='word_1_155' title='bbox 1250 2698 1414 2782; x_wconf 87' lang='lat' dir='ltr'>idemque]</span> 
     </span>
     <span class='ocr_line' id='line_1_22' title="bbox 356 2813 729 2895; baseline 0 -19"><span class='ocrx_word' id='word_1_156' title='bbox 356 2814 488 2895; x_wconf 81' lang='lat' dir='ltr'>gradus,</span> <span class='ocrx_word' id='word_1_157' title='bbox 511 2813 667 2895; x_wconf 85' lang='lat' dir='ltr'>idemque</span> <span class='ocrx_word' id='word_1_158' title='bbox 689 2849 729 2859; x_wconf 88' lang='lat'>—</span> 
     </span>
    </p>
   </div>
   <div class='ocr_carea' id='block_1_8' title="bbox 583 2943 1066 3028">
    <p class='ocr_par' dir='ltr' id='par_1_13' title="bbox 583 2943 1066 3028">
     <span class='ocr_line' id='line_1_23' title="bbox 583 2943 1066 3028; baseline 0 -20"><span class='ocrx_word' id='word_1_159' title='bbox 583 2943 653 3028; x_wconf 83' lang='lat' dir='ltr'>[iol</span> <span class='ocrx_word' id='word_1_160' title='bbox 676 2945 782 3008; x_wconf 84' lang='grc'>995</span> <span class='ocrx_word' id='word_1_161' title='bbox 753 2949 782 3008; x_wconf 84' lang='grc'>65</span> <span class='ocrx_word' id='word_1_162' title='bbox 802 2943 893 3008; x_wconf 63' lang='lat' dir='ltr'>vorot</span> <span class='ocrx_word' id='word_1_163' title='bbox 869 2943 967 3013; x_wconf 83' lang='grc'>5556</span> <span class='ocrx_word' id='word_1_164' title='bbox 947 2943 1066 3027; x_wconf 81' lang='grc'>5,665]</span> 
     </span>
    </p>
   </div>
   <div class='ocr_carea' id='block_1_9' title="bbox 242 2166 717 2678">
    <p class='ocr_par' dir='ltr' id='par_1_14' title="bbox 242 2166 707 2678">
     <span class='ocr_line' id='line_1_24' title="bbox 242 2166 260 2248; baseline 0 0"><span class='ocrx_word' id='word_1_165' title='bbox 242 2166 260 2248; x_wconf 68' lang='lat' dir='ltr'>t</span> 
     </span>
     <span class='ocr_line' id='line_1_25' title="bbox 244 2381 717 2466; baseline 0.004 -22"><span class='ocrx_word' id='word_1_166' title='bbox 244 2381 261 2464; x_wconf 95' lang='grc'>5</span> <span class='ocrx_word' id='word_1_167' title='bbox 283 2383 324 2445; x_wconf 92' lang='grc'>56</span> <span class='ocrx_word' id='word_1_168' title='bbox 356 2387 432 2446; x_wconf 88' lang='lat' dir='ltr'>cont</span> <span class='ocrx_word' id='word_1_169' title='bbox 433 2387 510 2447; x_wconf 91' lang='lat' dir='ltr'>enta</span> <span class='ocrx_word' id='word_1_170' title='bbox 490 2381 525 2466; x_wconf 91' lang='lat' dir='ltr'>a]</span> <span class='ocrx_word' id='word_1_171' title='bbox 547 2383 717 2456; x_wconf 77' lang='lat' dir='ltr'>conterita.</span> 
     </span>
     <span class='ocr_line' id='line_1_26' title="bbox 243 2489 261 2570; baseline 0 0"><span class='ocrx_word' id='word_1_172' title='bbox 243 2489 261 2570; x_wconf 77' lang='grc'>9</span> 
     </span>
     <span class='ocr_line' id='line_1_27' title="bbox 244 2597 261 2678; baseline 0 0"><span class='ocrx_word' id='word_1_173' title='bbox 244 2597 261 2678; x_wconf 68' lang='lat' dir='ltr'>t</span> 
     </span>
    </p>
   </div>
   <div class='ocr_carea' id='block_1_10' title="bbox 242 3067 1415 4017">
    <p class='ocr_par' dir='ltr' id='par_1_15' title="bbox 243 3067 1415 3370">
     <span class='ocr_line' id='line_1_28' title="bbox 243 3067 1415 3154; baseline -0.005 -20"><span class='ocrx_word' id='word_1_174' title='bbox 243 3071 324 3154; x_wconf 93' lang='grc'>560</span> <span class='ocrx_word' id='word_1_175' title='bbox 356 3069 504 3152; x_wconf 87' lang='lat' dir='ltr'>plurim]</span> <span class='ocrx_word' id='word_1_176' title='bbox 526 3070 702 3154; x_wconf 82' lang='lat' dir='ltr'>plurimum</span> <span class='ocrx_word' id='word_1_177' title='bbox 733 3069 804 3151; x_wconf 84' lang='lat' dir='ltr'>(litt.</span> <span class='ocrx_word' id='word_1_178' title='bbox 827 3089 881 3132; x_wconf 84' lang='lat' dir='ltr'>om</span> <span class='ocrx_word' id='word_1_179' title='bbox 908 3070 941 3134; x_wconf 95' lang='lat' dir='ltr'>in</span> <span class='ocrx_word' id='word_1_180' title='bbox 970 3089 1034 3134; x_wconf 90' lang='lat' dir='ltr'>ras.</span> <span class='ocrx_word' id='word_1_181' title='bbox 1064 3071 1221 3150; x_wconf 82' lang='lat' dir='ltr'>quattuor</span> <span class='ocrx_word' id='word_1_182' title='bbox 1252 3067 1313 3133; x_wconf 87' lang='lat' dir='ltr'>litt</span> <span class='ocrx_word' id='word_1_183' title='bbox 1345 3084 1415 3148; x_wconf 92' lang='lat' dir='ltr'>pos</span> 
     </span>
     <span class='ocr_line' id='line_1_29' title="bbox 357 3175 1336 3280; baseline -0.004 -38"><span class='ocrx_word' id='word_1_184' title='bbox 357 3181 444 3280; x_wconf 83' lang='lat' dir='ltr'>sunt)</span> <span class='ocrx_word' id='word_1_185' title='bbox 467 3177 658 3270; x_wconf 81' lang='lat' dir='ltr'>-afferet]</span> <span class='ocrx_word' id='word_1_186' title='bbox 682 3177 835 3244; x_wconf 84' lang='lat' dir='ltr'>affert-</span> <span class='ocrx_word' id='word_1_187' title='bbox 859 3181 1063 3242; x_wconf 84' lang='lat' dir='ltr'>venustatem</span> <span class='ocrx_word' id='word_1_188' title='bbox 1072 3175 1096 3262; x_wconf 71' lang='lat'>¹]</span> <span class='ocrx_word' id='word_1_189' title='bbox 1119 3178 1336 3240; x_wconf 85' lang='lat' dir='ltr'>uenustat.em</span> 
     </span>
     <span class='ocr_line' id='line_1_30' title="bbox 244 3268 1415 3370; baseline -0.007 -19"><span class='ocrx_word' id='word_1_190' title='bbox 244 3288 322 3370; x_wconf 88' lang='grc'>561</span> <span class='ocrx_word' id='word_1_191' title='bbox 358 3268 411 3351; x_wconf 82' lang='lat' dir='ltr'>act</span> <span class='ocrx_word' id='word_1_192' title='bbox 414 3306 451 3350; x_wconf 88' lang='lat' dir='ltr'>or</span> <span class='ocrx_word' id='word_1_193' title='bbox 472 3285 569 3368; x_wconf 86' lang='lat' dir='ltr'>haec]</span> <span class='ocrx_word' id='word_1_194' title='bbox 592 3289 645 3350; x_wconf 86' lang='lat' dir='ltr'>aot</span> <span class='ocrx_word' id='word_1_195' title='bbox 646 3305 692 3363; x_wconf 91' lang='lat' dir='ltr'>or,</span> <span class='ocrx_word' id='word_1_196' title='bbox 714 3285 849 3350; x_wconf 88' lang='lat' dir='ltr'>haec-</span> <span class='ocrx_word' id='word_1_197' title='bbox 811 3281 993 3370; x_wconf 69' lang='grc' dir='ltr'>-ῥῄτωρ]</span> <span class='ocrx_word' id='word_1_198' title='bbox 1015 3283 1187 3348; x_wconf 80' lang='lat' dir='ltr'>rhetor-</span> <span class='ocrx_word' id='word_1_199' title='bbox 1209 3281 1314 3363; x_wconf 88' lang='lat' dir='ltr'>vind]</span> <span class='ocrx_word' id='word_1_200' title='bbox 1336 3299 1415 3345; x_wconf 89' lang='lat' dir='ltr'>uen-</span> 
     </span>
    </p>

    <p class='ocr_par' dir='ltr' id='par_1_16' title="bbox 242 3393 1415 4017">
     <span class='ocr_line' id='line_1_31' title="bbox 357 3393 759 3480; baseline 0 -22"><span class='ocrx_word' id='word_1_201' title='bbox 357 3395 505 3458; x_wconf 87' lang='lat' dir='ltr'>dicat—</span> <span class='ocrx_word' id='word_1_202' title='bbox 527 3394 630 3458; x_wconf 86' lang='lat' dir='ltr'>idt</span> <span class='ocrx_word' id='word_1_203' title='bbox 583 3393 683 3480; x_wconf 87' lang='lat' dir='ltr'>est]</span> <span class='ocrx_word' id='word_1_204' title='bbox 669 3393 759 3460; x_wconf 84' lang='lat' dir='ltr'>idest.</span> 
     </span>
     <span class='ocr_line' id='line_1_32' title="bbox 243 3495 1415 3586; baseline -0.007 -20"><span class='ocrx_word' id='word_1_205' title='bbox 243 3503 261 3586; x_wconf 87' lang='grc'>5</span> <span class='ocrx_word' id='word_1_206' title='bbox 283 3504 323 3566; x_wconf 71' lang='grc'>65</span> <span class='ocrx_word' id='word_1_207' title='bbox 354 3505 484 3567; x_wconf 86' lang='lat' dir='ltr'>sunt-</span> <span class='ocrx_word' id='word_1_208' title='bbox 500 3495 809 3584; x_wconf 84' lang='lat' dir='ltr'>siquidem]sunts1</span> <span class='ocrx_word' id='word_1_209' title='bbox 801 3499 957 3583; x_wconf 87' lang='lat' dir='ltr'>quidem</span> <span class='ocrx_word' id='word_1_210' title='bbox 980 3499 1071 3580; x_wconf 91' lang='lat' dir='ltr'>(item</span> <span class='ocrx_word' id='word_1_211' title='bbox 1086 3497 1230 3563; x_wconf 84' lang='lat' dir='ltr'>infral</span> <span class='ocrx_word' id='word_1_212' title='bbox 1188 3495 1281 3561; x_wconf 80' lang='lat' dir='ltr'>Pluto</span> <span class='ocrx_word' id='word_1_213' title='bbox 1298 3495 1415 3575; x_wconf 77' lang='lat' dir='ltr'>tomen)</span> 
     </span>
     <span class='ocr_line' id='line_1_33' title="bbox 358 3608 852 3692; baseline -0.004 -19"><span class='ocrx_word' id='word_1_214' title='bbox 358 3647 397 3659; x_wconf 88' lang='lat'>-</span> <span class='ocrx_word' id='word_1_215' title='bbox 419 3629 465 3676; x_wconf 86' lang='lat' dir='ltr'>or</span> <span class='ocrx_word' id='word_1_216' title='bbox 487 3608 608 3692; x_wconf 90' lang='lat' dir='ltr'>neque]</span> <span class='ocrx_word' id='word_1_217' title='bbox 631 3608 852 3690; x_wconf 86' lang='lat' dir='ltr'>orationeque.</span> 
     </span>
     <span class='ocr_line' id='line_1_34' title="bbox 244 3708 1414 3802; baseline -0.006 -19"><span class='ocrx_word' id='word_1_218' title='bbox 244 3719 326 3802; x_wconf 91' lang='grc'>564</span> <span class='ocrx_word' id='word_1_219' title='bbox 285 3718 389 3782; x_wconf 89' lang='grc'>6465</span> <span class='ocrx_word' id='word_1_220' title='bbox 409 3717 588 3801; x_wconf 84' lang='lat' dir='ltr'>umbr.t]e</span> <span class='ocrx_word' id='word_1_221' title='bbox 608 3719 624 3785; x_wconf 81' lang='lat' dir='ltr'>ti</span> <span class='ocrx_word' id='word_1_222' title='bbox 645 3716 718 3800; x_wconf 83' lang='lat' dir='ltr'>(uu.</span> <span class='ocrx_word' id='word_1_223' title='bbox 747 3716 857 3781; x_wconf 87' lang='lat' dir='ltr'>nescio</span> <span class='ocrx_word' id='word_1_224' title='bbox 887 3734 953 3797; x_wconf 89' lang='lat' dir='ltr'>qua</span> <span class='ocrx_word' id='word_1_225' title='bbox 980 3708 1135 3786; x_wconf 73' lang='lat' dir='ltr'>erasae)</span> <span class='ocrx_word' id='word_1_226' title='bbox 1166 3713 1352 3778; x_wconf 80' lang='lat' dir='ltr'>umbratilis</span> <span class='ocrx_word' id='word_1_227' title='bbox 1374 3748 1414 3759; x_wconf 93' lang='lat'>-</span> 
     </span>
     <span class='ocr_line' id='line_1_35' title="bbox 356 3820 1412 3909; baseline -0.006 -21"><span class='ocrx_word' id='word_1_228' title='bbox 356 3825 481 3909; x_wconf 88' lang='lat' dir='ltr'>vincta]</span> <span class='ocrx_word' id='word_1_229' title='bbox 497 3826 661 3890; x_wconf 87' lang='lat' dir='ltr'>iuncta-</span> <span class='ocrx_word' id='word_1_230' title='bbox 676 3823 847 3906; x_wconf 68' lang='lat' dir='ltr'>miseran]</span> <span class='ocrx_word' id='word_1_231' title='bbox 864 3823 1074 3888; x_wconf 84' lang='lat' dir='ltr'>mirabile</span> <span class='ocrx_word' id='word_1_232' title='bbox 1096 3822 1211 3904; x_wconf 83' lang='lat' dir='ltr'>dignat</span> <span class='ocrx_word' id='word_1_233' title='bbox 1213 3820 1412 3904; x_wconf 82' lang='lat' dir='ltr'>a]signata.</span> 
     </span>
     <span class='ocr_line' id='line_1_36' title="bbox 242 3928 1411 4017; baseline -0.008 -19"><span class='ocrx_word' id='word_1_234' title='bbox 242 3934 322 4017; x_wconf 88' lang='grc'>565</span> <span class='ocrx_word' id='word_1_235' title='bbox 354 3933 470 4012; x_wconf 85' lang='lat' dir='ltr'>causis,</span> <span class='ocrx_word' id='word_1_236' title='bbox 492 3931 593 4016; x_wconf 82' lang='lat' dir='ltr'>pers]</span> <span class='ocrx_word' id='word_1_237' title='bbox 615 3933 723 3996; x_wconf 87' lang='lat' dir='ltr'>causis</span> <span class='ocrx_word' id='word_1_238' title='bbox 744 3931 958 4013; x_wconf 90' lang='lat' dir='ltr'>persequi—</span> <span class='ocrx_word' id='word_1_239' title='bbox 979 3929 1018 3994; x_wconf 90' lang='lat' dir='ltr'>iis</span> <span class='ocrx_word' id='word_1_240' title='bbox 1045 3928 1156 4012; x_wconf 84' lang='lat' dir='ltr'>prop]</span> <span class='ocrx_word' id='word_1_241' title='bbox 1185 3929 1235 3993; x_wconf 88' lang='lat' dir='ltr'>his</span> <span class='ocrx_word' id='word_1_242' title='bbox 1257 3945 1349 4008; x_wconf 86' lang='lat' dir='ltr'>prop.</span> <span class='ocrx_word' id='word_1_243' title='bbox 1374 3961 1411 3974; x_wconf 92' lang='lat'><em>-</em></span> 
     </span>
    </p>
   </div>
   <div class='ocr_carea' id='block_1_11' title="bbox 521 4046 1114 4134">
    <p class='ocr_par' dir='ltr' id='par_1_17' title="bbox 521 4046 1114 4134">
     <span class='ocr_line' id='line_1_37' title="bbox 521 4046 1114 4134; baseline -0.007 -20"><span class='ocrx_word' id='word_1_244' title='bbox 521 4049 591 4134; x_wconf 90' lang='lat' dir='ltr'>[fol.</span> <span class='ocrx_word' id='word_1_245' title='bbox 616 4050 748 4114; x_wconf 93' lang='grc'>100-</span> <span class='ocrx_word' id='word_1_246' title='bbox 710 4049 902 4130; x_wconf 80' lang='lat' dir='ltr'>-quo‘moot</span> <span class='ocrx_word' id='word_1_247' title='bbox 920 4065 1017 4127; x_wconf 80' lang='lat' dir='ltr'>quom</span> <span class='ocrx_word' id='word_1_248' title='bbox 1037 4046 1114 4130; x_wconf 74' lang='lat' dir='ltr'>cet]</span> 
     </span>
    </p>
   </div>
   <div class='ocr_carea' id='block_1_12' title="bbox 242 4158 1286 4350">
    <p class='ocr_par' dir='ltr' id='par_1_18' title="bbox 242 4158 1286 4350">
     <span class='ocr_line' id='line_1_38' title="bbox 357 4158 767 4241; baseline -0.007 -17"><span class='ocrx_word' id='word_1_249' title='bbox 357 4158 469 4241; x_wconf 85' lang='lat' dir='ltr'>altius]</span> <span class='ocrx_word' id='word_1_250' title='bbox 493 4158 646 4240; x_wconf 80' lang='lat' dir='ltr'>apert-ius.</span> <span class='ocrx_word' id='word_1_251' title='bbox 764 4180 767 4184; x_wconf 92' lang='lat'>·</span> 
     </span>
     <span class='ocr_line' id='line_1_39' title="bbox 242 4259 1286 4350; baseline 0 -23"><span class='ocrx_word' id='word_1_252' title='bbox 242 4267 320 4350; x_wconf 85' lang='grc'>566</span> <span class='ocrx_word' id='word_1_253' title='bbox 352 4264 535 4348; x_wconf 87' lang='lat' dir='ltr'>contiones]</span> <span class='ocrx_word' id='word_1_254' title='bbox 555 4265 728 4330; x_wconf 86' lang='lat' dir='ltr'>conciones</span> <span class='ocrx_word' id='word_1_255' title='bbox 750 4301 786 4310; x_wconf 95' lang='lat'><em>-</em></span> <span class='ocrx_word' id='word_1_256' title='bbox 809 4281 924 4327; x_wconf 85' lang='lat' dir='ltr'>versu:</span> <span class='ocrx_word' id='word_1_257' title='bbox 945 4259 1047 4342; x_wconf 90' lang='lat' dir='ltr'>nunc]</span> <span class='ocrx_word' id='word_1_258' title='bbox 1070 4279 1168 4325; x_wconf 90' lang='lat' dir='ltr'>uersu</span> <span class='ocrx_word' id='word_1_259' title='bbox 1189 4279 1286 4327; x_wconf 90' lang='lat' dir='ltr'>nunc.</span> 
     </span>
    </p>
   </div>
   <div class='ocr_carea' id='block_1_13' title="bbox 0 0 1542 4728">
    <p class='ocr_par' dir='ltr' id='par_1_19' title="bbox 0 0 1542 4728">
     <span class='ocr_line' id='line_1_40' title="bbox 0 0 1542 4728; baseline 0 0"><span class='ocrx_word' id='word_1_260' title='bbox 0 0 1542 4728; x_wconf 95' lang='lat' dir='ltr'> </span> 
     </span>
    </p>
   </div>
  </div>
 </body>
</html>
