3076 4728
769 299 810 364 26

693 384 889 398 mm

197 517 241 564 an
262 497 571 579 inuoiotqeil,²‚Dr.
594 496 653 564 Gu.
679 498 706 562 1.
728 498 770 579 i.)
803 497 867 570 (iic.
891 495 1055 579 scripserit
1086 483 1246 563 incertum
1267 485 1328 572 est,
1352 495 1386 560 et

197 605 216 689 9
240 606 300 670 tas
320 607 398 672 utra
419 605 515 670 lectio
536 605 753 687 praeferenda
781 605 840 682 sit,
866 607 942 668 sont
962 603 1114 684 appellati
1133 601 1225 683 quod
1247 619 1334 686 quae
1353 605 1386 666 et

198 713 232 778 in
252 713 279 777 L
296 715 309 753 ⁹
329 715 384 792 est
406 716 438 778 et
459 717 536 793 (om
549 731 619 780 voe
636 714 724 798 sunt)
747 713 781 780 in
806 712 890 778 Eine.
912 712 974 778 Vit.
996 711 1063 788 Da,
1082 729 1126 776 an
1145 714 1221 777 emit
1234 708 1387 795 qoptiloti

177 839 232 893 ‘eo
254 819 351 901 qnod,
380 839 480 902 quam
500 820 527 884 L
545 822 557 878 ¹,
576 819 602 885 Ε
623 825 656 886 et
676 819 736 894 Gu.
762 822 789 886 1.
813 820 841 890 2.
872 821 959 902 (app.
981 819 1071 899 sunt)
1103 822 1136 884 et
1167 817 1294 897 (epm
1313 835 1389 886 Μ’
1420 899 1424 914 ,
1517 899 1518 906 ,

198 927 289 1012 sunt)
311 927 481 1005 exhibent,
503 947 602 993 nemo
624 929 744 1012 opinor
768 928 889 1010 poterit
909 927 1006 997 scire..
1035 927 1150 1010 Neque
1170 942 1263 996 secus
1283 943 1336 992 res
1350 943 1391 993 se

198 1035 299 1102 habel
320 1035 421 1118 §1282
444 1053 510 1118 (11¹0
530 1034 602 1110 low
625 1037 727 1104 estin
750 1037 792 1101 L¹
809 1035 990 1104 Gillias:
1012 1035 1103 1102 Duae
1123 1054 1176 1102 ros
1196 1039 1273 1102 sunt
1294 1035 1389 1111 enin,
1517 1025 1518 1090 i

199 1163 229 1225 q.
252 1143 284 1208 b.
306 1147 456 1222 tralatae,
479 1143 512 1208 in
534 1142 639 1208 VDG
663 1144 689 1212 1.
711 1145 760 1210 b:
780 1143 853 1210 Duo
875 1147 963 1222 sunt,
985 1163 1015 1226 q.
1036 1143 1068 1208 b.
1089 1144 1243 1222 tractata
1266 1142 1301 1208 in
1322 1145 1396 1208 11²2·
1517 1149 1518 1204 i

200 1250 273 1314 Duo
290 1255 366 1316 sunt
382 1250 465 1314 enin
480 1254 549 1330 eta,
570 1255 629 1316 aut
650 1250 670 1334 d
692 1251 761 1330 174,
782 1251 839 1316 ubi
860 1250 901 1318 Ιιι
922 1250 952 1316 A
967 1251 1034 1318 EG
1055 1253 1081 1320 1.
1102 1255 1135 1318 et
1154 1250 1236 1318 baec
1256 1254 1290 1316 et
1310 1249 1388 1330 nia,
1517 1279 1518 1312 i

204 1357 292 1426 Eins.
314 1356 341 1422 V
362 1357 390 1422 D
412 1357 438 1422 G
460 1359 489 1425 d.
513 1378 539 1426 e.
561 1357 594 1424 h.
607 1379 643 1434 e.
665 1359 723 1424 iilo
743 1359 880 1426 tradunt
901 1363 964 1426 eto..
1517 1379 1518 1406 ¹

305 1491 372 1555 Sed
403 1509 444 1556 ne
476 1491 631 1573 expositis
661 1491 776 1570 rebus,
808 1509 909 1573 quae,
941 1491 1071 1556 etiamsi
1094 1491 1259 1573 attingant
1288 1489 1388 1554 huius
1517 1487 1518 1524 l

201 1597 321 1662 codicis
336 1601 503 1677 naturam,
517 1603 629 1664 tamen
640 1599 708 1664 eius
719 1617 786 1664 non
800 1599 865 1664 sint
880 1599 1042 1682 propriae,
1058 1601 1240 1680 asusoepto
1252 1610 1393 1661 munere

201 1706 315 1771 videar
336 1707 501 1786 aberrare,
522 1706 614 1772 brevi
636 1727 675 1773 ea
695 1725 782 1790 quae
801 1708 842 1772 de
862 1706 924 1771 illis
944 1706 1042 1770 rebus
1056 1707 1161 1770 sentio
1179 1689 1388 1787 complectar.

201 1813 284 1878 Eam
306 1814 394 1878 enim
409 1813 530 1878 oodiois
544 1817 682 1896 partem,
705 1831 790 1896 quae
804 1833 824 1879 a
837 1829 941 1879 mann
962 1813 1148 1896 antiquiore
1169 1815 1307 1879 exarata
1327 1813 1392 1890 est,

201 1921 329 1987 maiore
339 1918 429 1986 illam
442 1921 575 2004 quidem
590 1922 661 2004 ipso
673 1921 865 2004 Erlangensi
875 1920 1069 1986 mendorum
1081 1937 1221 1984 numero
1232 1919 1392 1998 vitiatam,

202 2029 259 2094 sed
281 2029 338 2093 illo
358 2029 468 2094 minus
495 2029 804 2112 interpolationibus
825 2033 858 2095 et
880 2029 1114 2094 additamentis
1138 2029 1329 2110 corruptam
1347 2028 1394 2092 li·

202 2136 333 2200 brarius
354 2136 464 2200 neseio
487 2136 560 2218 quis
574 2154 658 2204 saee.
673 2136 742 2202 XV.
759 2141 794 2202 ut
809 2135 1103 2202 innumerabilibus
1117 2135 1271 2200 liberavit
1288 2135 1391 2200 corri-

203 2245 309 2326 gendo
331 2244 476 2322 mendis,
504 2245 551 2309 ita
578 2244 627 2308 rel
649 2243 739 2308 locos
759 2245 937 2309 nonnullos
957 2243 1115 2308 mendose
1138 2243 1181 2306 ab
1202 2243 1394 2325 antiquiore

201 2371 304 2416 manu
325 2351 493 2433 praebitas
513 2351 657 2434 neglexit
676 2351 729 2416 vel
750 2352 911 2417 mutando
940 2369 1029 2416 nova
1051 2349 1169 2416 adiecit
1191 2351 1321 2417 menda.
1340 2353 1342 2358 ’
1359 2349 1389 2414 ls

202 2459 355 2524 librarius
371 2460 469 2540 quod,
490 2463 598 2524 utram
614 2463 832 2542 praeponeret
846 2460 1027 2538 lectionem,
1049 2475 1290 2540 nonnunquam
1310 2457 1393 2522 hae·

203 2567 324 2645 sitavit,
346 2566 436 2631 haud
459 2565 525 2630 seio
541 2585 585 2631 an
600 2585 639 2631 eo
654 2565 778 2631 lactum
799 2567 850 2646 sit,
873 2567 960 2649 quod
976 2567 1042 2631 duo
1056 2570 1114 2631 aut
1128 2566 1225 2648 plura
1239 2564 1395 2630 Oratoris·

202 2674 352 2757 exempla
381 2675 430 2738 ad
461 2675 658 2739 imitandum
690 2675 719 2740 ei
751 2680 845 2741 erant
875 2675 1055 2759 proposita.
1112 2673 1209 2752 Quae
1239 2673 1394 2755 exempla

203 2781 322 2846 virtute
343 2781 498 2848 interiora
519 2801 587 2846 non
609 2781 708 2848 luisse
728 2786 866 2865 apparet
881 2783 997 2848 ceteris
1012 2782 1105 2846 codd.
1121 2782 1271 2864 integris:
1293 2781 1395 2860 Eius,

202 2890 277 2967 vit,
298 2890 422 2968 Drasd,
443 2891 573 2955 duobus
589 2889 709 2968 Gueli.;
731 2892 788 2974 qui
808 2890 883 2955 libri
905 2909 944 2954 ex
964 2889 1127 2967 Laudensi
1148 2889 1338 2972 transcripti
1359 2891 1391 2953 et

203 2997 289 3064 inter
310 3017 344 3063 se
365 2998 503 3080 paulum
525 2999 680 3064 differunt
700 3017 807 3080 neque
827 2997 919 3080 digni
940 3002 1025 3074 sunt,
1055 2997 1111 3078 qui
1133 3015 1172 3061 eo
1193 2999 1302 3075 modo,
1324 3015 1389 3079 quo
1446 3007 1451 3016 ’

203 3105 274 3170 lieri
304 3106 433 3184 assolet,
462 3105 688 3170 anteferantur
711 3106 804 3170 codd.
827 3106 959 3172 mutilis.
1002 3103 1181 3186 Utriusque
1201 3108 1396 3185 autem'ge··

202 3215 290 3279 neris
320 3214 411 3280 libris
442 3214 630 3296 perquisitis
662 3219 693 3279 et
723 3215 808 3279 inter
843 3233 878 3280 se
908 3199 1107 3296 comparatis
1140 3215 1207 3278 duo
1240 3210 1395 3277 Oratoris

204 3321 414 3413 exemplaria,
435 3340 503 3386 non
524 3319 571 3387 ita
585 3323 799 3404 pauolsloeis
820 3323 905 3388 inter
925 3341 961 3387 se
982 3321 1211 3404 discrepantia,
1232 3321 1284 3384 vel
1305 3319 1395 3385 anti-

204 3430 362 3512 quissimo
374 3431 535 3496 exstitisse
545 3435 693 3514 tempore
703 3436 740 3496 ut
753 3434 930 3497 statuerem
942 3431 1101 3496 adductus
1112 3449 1200 3505 sum3
1218 3444 1391 3515 equorum
1413 3429 1417 3437 '

203 3559 270 3606 uno
291 3541 426 3606 fluxisse
454 3540 667 3623 archetypum
695 3539 767 3606 libr.
796 3539 1005 3617 mutilorum,
1038 3555 1217 3619 eorumque
1248 3537 1393 3602 alterum

203 3647 327 3713 fontem
361 3647 484 3714 factum
506 3666 577 3712 esse
599 3650 697 3730 atque
718 3651 818 3731 eaput
838 3647 858 3716 l.
881 3647 1091 3729 integrorum.
1135 3645 1200 3724 Qui
1222 3643 1391 3726 archetypi

202 3758 240 3820 ut
269 3755 397 3820 mendis
425 3769 636 3838 nequaquam
665 3755 838 3834 vacabant,
866 3756 913 3820 ita
931 3756 1051 3820 virtute
1072 3755 1154 3820 alter
1175 3753 1269 3818 alteri
1289 3751 1394 3834 paulo

204 3861 391 3930 cedebant·
416 3863 526 3945 Atque
547 3881 622 3928 eum
645 3865 685 3930 sit
706 3865 907 3947 integrorum
930 3863 1128 3946 archetypus
1151 3867 1182 3927 et
1196 3861 1293 3938 Eius,
1315 3859 1390 3938 vit,

203 3971 328 4050 Dresd.‚
356 3970 518 4038 Guelferb.
540 3972 620 4037 satis
640 3977 727 4038 reete
747 3976 789 4048 et,
816 3977 854 4038 ut
874 3972 960 4038 inira
980 3971 1229 4048 demonstrabo·
1245 3969 1396 4034 Lauren·

202 4077 320 4142 tiano³
344 4079 451 4142 multo
462 4079 582 4144 rectius
595 4079 753 4146 imitando
769 4099 950 4162 expressus,
970 4085 1053 4158 turn,
1076 4079 1154 4161 quid
1167 4078 1202 4142 in
1217 4077 1320 4167 altero
1334 4077 1390 4142 illo

204 4183 302 4250 fuerit
313 4183 503 4268 archetypo,
515 4187 916 4260 exAbrinoensiomnium
927 4187 1148 4252 maximenon
1160 4185 1389 4252 minuselu'oet.

205 4290 299 4369 Quae
327 4310 403 4356 eum
431 4293 477 4360 ita
507 4314 542 4359 se
569 4293 733 4374 habeant,
765 4295 926 4373 isiacis,
958 4293 1014 4358 ubi
1038 4294 1228 4363 differentes
1249 4293 1334 4357 inter
1354 4309 1395 4354 se
