3076 4728
708 307 745 371 19

629 393 825 406 mm

0 522 9 554 ¹
132 516 159 577 ct
179 510 336 593 mopncg
360 507 449 591 tobi:
480 505 627 590 »singula
655 525 759 589 prope
785 503 887 570 verba
909 501 1073 568 Ciceronis
1094 495 1135 565 in'
1149 500 1200 564 his
1222 499 1315 566 codd.

2 630 6 658 ¹
132 623 190 685 aut
210 617 308 701 plane
329 635 482 700 perversa
495 615 607 682 auide
621 613 781 680 industria
795 615 923 677 mutata
939 610 1109 674 videntum
1132 608 1317 690 palmarem

132 745 202 793 esse
233 724 429 790 sententiam
464 723 625 798 affirmet:
670 721 788 804 quibus
820 721 854 784 in
883 717 991 783 verbis
1025 715 1210 781 involutam
1246 735 1317 780 esse

1 841 8 865 ’·
132 851 266 900 omnem
296 848 391 897 suam
422 832 463 896 de
494 831 609 896 iisdem
638 829 731 895 codd.
754 830 787 894 et
806 829 952 893 ¹de-tota
983 825 1068 890 illius
1100 823 1175 888 libri
1205 825 1318 890 critica

132 941 260 1006 ratione
280 939 547 1022 disputationem.

237 1057 344 1136 Quam
365 1056 560 1122 sententiam
581 1066 656 1119 cum
671 1053 732 1118 viri
747 1051 833 1118 docti
848 1052 931 1116 adeo
946 1049 1169 1124 adamassem,
1191 1055 1236 1124 ut,
1258 1052 1318 1115 etsi

133 1165 264 1231 collatio
291 1165 348 1230 illa
366 1161 597 1242 'Abrincensi3,
629 1181 694 1245 quo
723 1161 921 1244 archetypus
949 1159 1141 1224 mutilorum
1169 1157 1316 1222 omnium

7 1276 13 1309 ¹
122 1272 378 1339 'accuratissime
392 1269 518 1338 elfictus
533 1275 633 1354 atque
647 1271 818 1352 expressus
833 1273 891 1346 est,
913 1285 934 1332 a
948 1265 1168 1332 Ravaissonio
1189 1266 1318 1347 prolata

133 1385 211 1460 erat,
233 1381 359 1446 codices
372 1374 446 1446 'illos
471 1379 719 1463 ›interpolatos‹
742 1376 830 1444 limis
852 1377 947 1461 quasi
962 1377 1063 1442 oculis
1084 1377 1139 1439 rix
1161 1371 1319 1438 auderent

7 1525 13 1536 ·
130 1488 457 1571 intueri,¹Kayserus,
479 1491 516 1553 ut
536 1493 607 1554 erat
629 1507 750 1570 magno
770 1487 892 1572 ingenii
906 1487 1067 1566 acumine,
1088 1487 1247 1568 inspicere
1264 1503 1318 1548 eos

1 1632 11 1662 κ.
132 1617 170 1666 ac
198 1601 402 1683 pertractare
432 1613 531 1662 ausus
560 1615 679 1680 parum
707 1601 795 1662 recte
819 1617 839 1662 a
859 1597 938 1661 viris
959 1595 1022 1661 illis
1044 1595 1195 1678 quamvis
1216 1593 1320 1657 doctis

130 1706 312 1773 iudicatum
335 1725 405 1772 esse
426 1707 597 1788 cognovii3
618 1706 659 1770 'de
680 1725 747 1788 qua
768 1725 803 1770 re
824 1709 855 1770 et
876 1705 911 1770 in
932 1705 981 1771 ed.
1004 1701 1195 1768 Tauchnitz.
1218 1697 1317 1767 roll.

1 1837 7 1877 ;·
131 1835 164 1900 p.
179 1813 250 1881 XX.
266 1811 362 1881 dixit:
387 1816 555 1898 »quamvis
573 1815 660 1881 enim
682 1815 780 1897 volgo
793 1817 831 1880 ut
844 1813 1031 1897 interpolati
1051 1811 1158 1897 (codd.
1174 1807 1319 1886 shrine,

132 1921 227 2000 Gud,
242 1921 319 2004 llrl.)
333 1921 421 1988 male
435 1923 583 2002 audiant,
598 1923 783 2006 complures
798 1921 951 1988 lectiones
967 1921 1101 1986 minime
1116 1918 1319 2002 spernendae

131 2029 178 2094 ibi
199 2029 427 2095 inveniuntur<
458 2029 491 2094 et
523 2030 557 2095 in
583 2029 700 2095 libellis
721 2029 907 2097 Monacens.
938 2029 1015 2112 (vol.
1038 2027 1078 2093 38
1099 2047 1131 2110 p.
1153 2023 1216 2092 439
1239 2025 1319 2106 seq.)

1 2171 3 2212 ;
131 2157 172 2204 ex
192 2137 213 2206 l.
235 2137 369 2214 mutilis,
390 2137 542 2219 quamvis
563 2137 651 2202 male
672 2137 833 2214 audirent,
854 2136 960 2202 bonos
981 2135 1055 2219 capi
1077 2153 1174 2218 posse
1195 2133 1320 2198 fructus

1 2291 2 2294 κ
130 2244 380 2312 demonstravit.
403 2241 503 2309 Cuius
516 2245 685 2327 amplexus
700 2235 894 2310 sententiam
907 2243 1141 2326 Stegmannius
1155 2239 1209 2304 illo
1222 2257 1318 2322 quem

128 2369 232 2436 supra
260 2351 327 2416 dixi
354 2349 463 2416 libello
492 2355 524 2416 et
551 2352 585 2416 in
613 2351 707 2419 codd.
729 2351 921 2417 mutilorum
944 2350 1101 2436 (Abrinc,
1123 2348 1216 2424 Gud,
1238 2347 1317 2426 Eri.)

85 2450 88 2455 ’
132 2459 260 2524 naturis
282 2479 320 2524 ac
342 2455 588 2526 condicionibus
609 2459 834 2544 perquirendis
855 2457 1038 2524 elaboravit
1066 2461 1098 2522 et
1126 2457 1217 2534 illos,
1244 2473 1320 2519 cum

134 2582 234 2646 saepe
253 2565 304 2630 rel
325 2583 438 2632 reram
458 2565 633 2632 lectionem
654 2565 706 2630 vel
726 2585 825 2632 verae
844 2567 916 2634 lect.
933 2563 1108 2648 vestigium
1123 2565 1320 2640 servassent,

133 2671 242 2736 multo
264 2668 460 2754 diligentius,
482 2691 583 2755 quam
605 2673 649 2738 ad
670 2671 704 2738 id
724 2675 857 2756 tempus
878 2673 1005 2739 lactum
1023 2673 1117 2748 esset,
1138 2671 1173 2734 in
1186 2669 1321 2752 vulgata

135 2777 228 2845 Orat.
251 2777 416 2860 scriptura
438 2779 644 2846 emendanda
664 2781 776 2846 docuit
797 2801 868 2847 esse
889 2779 1103 2846 adhibendos.

142 2911 146 2916 ’
239 2901 301 2968 Cui
322 2905 502 2970 sententiae
521 2907 559 2969 ut
580 2902 767 2972 Hoernerus
792 2907 825 2992 (l.
850 2907 869 2974 l.
891 2925 923 2990 p.
949 2907 979 2991 l)
1006 2903 1226 2971 accedendum
1249 2921 1319 2966 esse

134 3011 326 3089 arbitratur,
357 3012 405 3076 lia
432 3031 492 3094 ego
520 3032 556 3079 re
583 3014 764 3098 perquisita
785 3013 879 3080 facile
909 3015 1070 3080 adductus
1100 3032 1184 3092 sum,
1213 3015 1249 3076 ut
1275 3011 1320 3076 illi

133 3117 381 3186 assentiendum
409 3141 479 3186 esse
507 3125 668 3204 putarem.
712 3121 798 3186 Nam
829 3123 961 3190 tametsi
993 3101 1134 3204 Stegm,
1169 3117 1320 3204 quamvis

133 3225 307 3310 diligenter
327 3227 362 3292 in
382 3247 418 3292 re
439 3229 607 3312 proposita
628 3228 671 3294 sit
691 3233 862 3309 versatuS,
889 3250 957 3296 non
978 3227 1225 3312 suppetentibus
1247 3245 1320 3290 ma-

133 3333 222 3400 xime
254 3335 356 3419 copiis
379 3334 422 3400 ad
443 3355 511 3400 rem
534 3337 779 3405 diiudicandam
807 3335 1015 3416 necessariis,
1041 3335 1132 3402 haud
1160 3335 1207 3400 ita
1234 3353 1320 3409 raro,

132 3440 169 3508 id
190 3441 279 3524 quod
299 3462 401 3526 supra
422 3446 696 3524 commemoravi,
728 3464 749 3509 a
769 3464 847 3511 vero
869 3443 1050 3524 aberravit,
1082 3447 1195 3509 tamen
1223 3441 1265 3505 de
1285 3460 1321 3505 re

131 3550 290 3616 universa
311 3569 397 3635 quae
418 3551 473 3616 ille
493 3551 650 3618 indicarit
669 3571 748 3620 vera
770 3572 841 3618 esse
861 3555 987 3618 certum
1008 3551 1090 3618 mihi
1109 3570 1148 3616 ac
1163 3553 1321 3614 statutum

130 3658 273 3724 ridetur.
305 3655 346 3722 Et
360 3679 411 3737 na,
433 3677 516 3741 quos
537 3659 591 3724 ille
603 3661 693 3726 locos
714 3661 934 3744 pertractavit,
956 3679 1012 3725 eos
1027 3678 1119 3724 more
1132 3657 1321 3723 criticorum

130 3785 330 3850 percensens
362 3767 492 3850 longius
524 3785 545 3833 a
573 3767 741 3851 proposito
774 3769 940 3851 egrediar,
976 3788 1033 3834 eas
1064 3765 1272 3849 potissimum
1301 3763 1320 3828 l.

131 3877 326 3942 mutilorum
347 3876 501 3943 lectiones
522 3877 655 3959 integris
669 3877 836 3944 codicibus
850 3873 1102 3962 praeponendas
1118 3871 1320 3940 enumerabo

111 3979 178 4047 -de
197 3983 308 4066 eisque
334 3985 449 4068 paucis
481 3983 641 4050 disseram
668 3985 793 4066 verbis,
824 4005 926 4070 quae,
954 3987 993 4050 nt
1022 3983 1065 4048 ab
1093 3981 1149 4047 illo
1177 3997 1321 4045 comme-

128 4095 286 4156 moratae
304 4111 373 4157 non
394 4092 468 4170 sint,
489 4092 537 4158 ita
558 4108 631 4158 eam
646 4111 747 4176 quam
760 4095 919 4176 proposui
933 4111 1004 4158 rem
1019 4090 1120 4155 oculis
1142 4088 1321 4154 subiciant:

127 4217 219 4282 quas
234 4198 261 4261 si
276 4217 388 4264 omnes
402 4200 593 4285 proferrem,
615 4188 693 4280 dies,
714 4203 907 4284 priusquam
922 4199 1128 4283 pervenirem
1148 4196 1190 4260 ad
1212 4195 1321 4267 tinem,

124 4325 189 4374 me
210 4306 372 4374 deficeret.

1125 4406 1164 4464 ρ*
