3076 4728
767 291 788 354 t

677 379 873 390 samm

227 489 260 572 a)
293 487 398 552 Plutei
418 486 470 555 L.:

293 595 321 678 1)
344 593 471 660 Codicis
492 593 545 660 IV.
566 614 643 677 pars
665 595 687 662 I.

182 751 187 764 ,
289 704 320 784 0)
344 701 422 768 Cod.
445 701 528 769 XIV.
556 721 633 784 pars
656 701 707 770 III.
739 703 827 786 (cum
855 702 985 768 scholiis
1014 702 1139 785 Angeli,
1167 707 1203 767 ut
1230 703 1367 781 videtur,

341 809 509 892 Politiani)
1270 813 1272 817 ’

289 918 320 1000 3)
344 917 422 982 Cod.
444 915 556 984 XVIII.
578 935 655 1000 pars
677 916 715 982 II.

286 1026 320 1108 4)
343 1025 421 1092 Cod.
444 1023 529 1092 XIX.
551 1044 628 1107 pars
650 1017 692 1094 1.

287 1137 319 1214 5)
343 1134 421 1198 Cod.
444 1133 528 1200 XXI.
551 1153 629 1216 pars
651 1133 673 1200 l.

288 1243 319 1322 6)
343 1240 421 1306 Cod.
442 1241 541 1308 XXII.
564 1261 641 1324 pars
663 1241 686 1308 I.

289 1348 320 1430 7)
344 1347 422 1416 Cod.
445 1349 543 1416 XXV.
565 1369 643 1432 pars
666 1349 689 1417 Ι.

288 1458 320 1539 8)
344 1457 422 1525 Coti.
445 1457 561 1524 XXXI.
584 1478 662 1541 pars
684 1459 734 1526 IV.

288 1565 321 1648 9)
344 1565 423 1632 Cod.
446 1565 592 1632 XXXVI.
614 1585 691 1649 pars
713 1567 735 1631 1.

271 1673 319 1754 IO)
343 1672 422 1740 Cod.
445 1673 618 1740 XXXVIII.
640 1693 719 1756 pars
740 1673 792 1741 III.

284 1782 327 1846 Hi
354 1781 428 1846 libri
457 1785 589 1864 praeter
618 1782 762 1847 codicem
794 1781 876 1849 XIV.
899 1781 1144 1848 membranacei
1173 1771 1369 1866 omnes*)'a

186 1889 445 1972 Lagomarsinio,
468 1889 524 1972 qui
545 1888 724 1956 incredibili
746 1889 890 1970 quadam
912 1889 1084 1954 sedulitate
1106 1889 1149 1954 ad
1169 1894 1368 1972 apparatum

186 2017 284 2080 quem
305 2004 425 2064 vocant
456 1999 604 2064 criticum
626 1999 891 2064 constituendum
912 1999 1104 2080 permultos
1117 1997 1257 2064 contulit
1278 1998 1369 2064 Cice·

186 2107 274 2170 runis
295 2106 533 2172 rhetoricorum
555 2107 690 2185 codices,
713 2109 744 2172 et
767 2106 876 2172 collati
892 2109 925 2171 et
939 2106 1084 2170 numeris
1106 2105 1268 2188 designati
1282 2109 1368 2171 sunt.

227 2212 262 2296 h)
293 2212 397 2279 Plutei
734 2252 737 2264 ι

289 2321 450 2388 LXXXX.
480 2323 593 2406 Super.
623 2322 701 2390 (lod.
731 2322 931 2390 LXXXVIII.
961 2341 1038 2405 pars
1067 2322 1117 2390 IV.
1153 2321 1244 2402 (Cod.
1275 2322 1369 2388 char·

287 2431 411 2508 tacens
433 2431 489 2514 qui
510 2431 622 2496 omnia
643 2449 744 2514 opera
766 2431 830 2498 Cic.
852 2431 1016 2496 rhetorica
1033 2429 1284 2512 complectitur).

227 2539 255 2618 c)
285 2537 391 2602 Plutei

287 2644 460 2710 LXXXXI.
483 2644 577 2713 Inter.
600 2643 679 2713 Cod.
702 2644 783 2712 VIII.
805 2663 883 2727 pars
904 2643 957 2712 III.
985 2643 1074 2724 (God.
1097 2641 1368 2709 membranaceus

289 2754 323 2818 in
342 2753 386 2838 4).
965 2775 980 2814 Α
1228 2785 1230 2794 ·
1259 2797 1261 2802 .

288 2861 336 2926 Ex
365 2861 416 2926 his
443 2862 544 2944 plutei
572 2859 606 2929 L.
636 2861 802 2926 codicibus
835 2877 901 2942 eos,
934 2861 990 2944 qui
1021 2859 1165 2928 numeris
1193 2860 1305 2928 XVIII.
1336 2863 1369 2926 et

96 2977 97 2981 ’
184 2967 309 3052 XXXI.
324 2969 485 3052 designati
511 2973 607 3049 sunt„
626 2973 758 3054 praeter
779 2971 912 3052 ceteros,
926 2970 983 3054 urii
1012 2969 1223 3052 conferantur
1249 2969 1368 3051 dignos

185 3095 256 3145 esse
278 3077 423 3144 affirmat
438 3075 576 3142 Orellius
594 3077 629 3142 in
644 3077 794 3144 editionis
815 3075 911 3164 illius,
933 3095 999 3159 qua
1015 3075 1199 3156 Oratorem,
1219 3077 1367 3154 Brutum,

184 3183 319 3278 TppIca,
352 3185 392 3249 de
426 3183 502 3268 Opt.
534 3183 571 3252 G.
605 3183 697 3254 Orat.
723 3185 839 3254 ,denuo
868 3184 1029 3250 recensuit
1057 3183 1181 3266 (Turici
1209 3204 1239 3250 a.
1273 3180 1366 3263 1830)

183 3312 260 3378 pag.
280 3291 378 3361 CXX.
401 3311 467 3380 seq.
489 3292 526 3356 In
546 3292 632 3357 illius
654 3291 773 3358 codicis
794 3291 907 3360 XVIII.
929 3292 1016 3358 calce
1043 3291 1176 3376 legitur:
1209 3289 1368 3357 ›Cosmae

185 3401 226 3466 de
256 3399 396 3470 Medicis.
451 3400 521 3466 Hoc
552 3420 635 3484 opus
665 3400 790 3468 absolvi
821 3399 955 3478 feliciler
987 3399 1039 3464 die
1070 3399 1177 3484 primo
1216 3397 1368 3464 Octobris

185 3507 440 3577 MCCCCXXIII.
980 3497 982 3503 ’

227 3653 287 3716 ego
316 3633 334 3698 J
343 3632 501 3700 acubus
522 3633 700 3706 Antonii
722 3632 838 3704 Curii
859 3615 1024 3702 sanuefi
1043 3631 1075 3712 (i.
1091 3629 1328 3715 edanensis)

200 3744 202 3749 ’
670 3742 884 3809 Florentiae«.

289 3857 431 3937 Quaen
460 3859 708 3943 subscriptione,
741 3879 843 3942 quam
872 3858 910 3926 G.
937 3857 1157 3944 vitellino,
1189 3857 1281 3922 cuius
1307 3854 1369 3919 viri

185 3963 363 4030 doctissImi
392 3969 423 4030 et
445 3965 674 4032 humanissimi
703 3985 804 4050 opera
834 3986 914 4033 usus
942 3985 1016 4032 sum
1045 3964 1214 4048 singulari,
1241 3967 1369 4029 rectea

186 4172 212 4240 s
290 4181 320 4264 *l
343 4185 414 4252 Ood.
435 4187 516 4250 XIV
532 4188 709 4249 chartaceus
732 4235 739 4251 .
764 4238 770 4251 .
794 4238 801 4252 .
824 4190 909 4249 nulla
922 4188 1045 4266 Lagona.
1062 4187 1181 4263 quidem
1197 4182 1368 4264 epigraphe,

188 4287 239 4346 sed
262 4290 335 4345 nota
356 4291 457 4347 tamen
479 4289 633 4349 numerica
655 4290 694 4348 93
718 4290 876 4350 distiuctus
899 4286 1052 4362 (BandInii
1065 4287 1130 4348 cat.
1146 4287 1165 4348 l.
1180 4287 1200 4346 I.
1216 4307 1247 4362 p.
1262 4285 1346 4356 509).
