3076 4728
700 304 895 402 A...

209 508 248 566 aa
275 499 426 566 numm
454 499 587 566 inventa
619 501 671 584 (er.
701 505 733 568 er
757 483 939 568 nouorum
958 503 1095 570 nonae.
1121 503 1181 570 vor.
1203 503 1243 568 aa
1264 523 1296 586 p.
1316 503 1390 580 oro,

206 595 270 672 439
292 607 466 700 etlannall.
480 625 554 675 nov,
570 608 655 691 Lips.
672 609 691 676 l.
706 610 739 691 l.)
758 609 865 692 quarn*
882 626 1036 696 perversa
1057 615 1166 676 essent
1186 612 1391 676 demonstra-

207 715 263 790 vit,
286 717 318 779 et
339 715 577 795 Stegrnannius
597 716 631 793 (l.
653 716 673 782 l·.
694 735 725 798 p.
749 717 803 799 Ni)
825 719 905 782 satis
919 721 1005 783 reete
1015 719 1056 784 de
1070 717 1125 783 illo
1140 719 1211 783 loeo
1225 719 1391 797 iudicavit,

207 827 417 889 tamencum
438 825 552 886 neuter
573 838 687 888 eorum
703 825 781 906 'quid
802 830 887 891 esset
908 823 942 890 in
963 826 1054 891 oodd.
1078 827 1304 908 perspexisset,
1324 843 1392 891 non

207 949 342 1014 prorsus
365 939 500 996 sanasse
519 931 671 996 videntur
702 932 822 998 locuni.
864 934 941 1002 Voe.
971 933 1062 998 domo
1088 935 1177 998 enim
1206 951 1274 998 non
1303 935 1392 998 deest

206 1035 272 1101 nisi*
289 1037 324 1101 in
346 1037 431 1103 Eine.
451 1041 487 1103 ‘et
501 1035 562 1104 vit.
586 1042 677 1118 (nam
699 1039 785 1108 Mon.
808 1041 842 1105 in
864 1042 959 1106 nullo·
974 1059 1113 1105 numero
1135 1043 1205 1118 est),
1228 1043 1284 1106 sed
1305 1043 1391 1123 part.

208 1145 292 1210 etin
313 1144 333 1208 l.
355 1144 479 1210 mutilis
507 1165 574 1210 non
595 1146 776 1224 inveniturr
805 1165 872 1229 qua
898 1149 1059 1231 particula
1088 1149 1200 1214 addita
1221 1165 1297 1212 oum
1318 1167 1392 1213 sen-

206 1253 310 1318 tentia
326 1287 365 1300 -
380 1271 459 1316 narn
482 1271 567 1334 quae
581 1257 764 1335 sequuntur
778 1255 897 1320 verba:
917 1260 948 1320 et
967 1255 1080 1320 dorum
1094 1261 1153 1321 eto.
1169 1256 1392 1338 amplificandi

208 1377 308 1424 causa
341 1359 467 1425 adiecta
498 1379 568 1424 esse
601 1363 739 1442 apparet
772 1397 812 1410 -
843 1363 1068 1445 perturbetur,
1100 1380 1202 1446 quam
1233 1365 1393 1446 praebent

206 1467 380 1532 lectionem
403 1463 485 1537 Gud.
507 1472 539 1533 et
560 1467 641 1536 Eri:
673 1487 744 1532 rum
771 1468 944 1551 ulrfur'ssom
967 1471 1060 1535 domo
1087 1471 1264 1555 (affuissem
1291 1473 1393 1538 tradit

206 1573 315 1651 baur,
336 1573 510 1654 adfuissem
531 1574 623 1653 Aba,
644 1593 710 1657 qua
731 1577 773 1642 de
794 1597 829 1642 re
851 1595 950 1660 saepe
971 1597 991 1642 a
1013 1567 1154 1644 librariis
1174 1580 1276 1644 errari
1298 1580 1393 1645 docet

208 1684 341 1762 Neuius,
362 1683 526 1750 Formenl.
544 1685 575 1751 d.
596 1685 653 1751 lat.
675 1685 748 1767 Spr.
771 1685 819 1763 ll.,
840 1703 872 1768 p.
896 1686 980 1767 ΜΩ),
1002 1705 1042 1751 ea
1064 1687 1143 1768 quin
1165 1705 1243 1752 vera
1263 1688 1306 1751 sit
1326 1707 1392 1752 non

208 1791 332 1858 dubito.
374 1785 531 1874 Deinde§
549 1785 609 1858 rto
622 1793 719 1860 Laur.
741 1811 816 1858 oum
840 1794 954 1858 ceteris
976 1798 1057 1861 mut.
1072 1795 1278 1858 consentiens
1292 1793 1393 1858 tradit
1519 1841 1520 1888 p

208 1898 326 1964 verba:
350 1899 509 1982 ,proiecto
537 1899 687 1964 mammis
716 1901 815 1966 rebus
846 1901 1029 1966 forensibus
1058 1901 1180 1966 nostris
1207 1907 1237 1966 et
1256 1899 1395 1965 emonis
1519 1891 1520 1962 ἲ

206 2005 348 2070 inclusae
368 2010 397 2070 et
417 2006 619 2072 domestioae
637 2007 765 2073 litterae
779 2026 874 2091 resp,
897 2024 997 2091 quam
1017 2009 1200 2086 lectionem,
1221 2010 1281 2074 etsi
1297 2009 1394 2092 plane

207 2116 373 2200 respuitur
395 2116 439 2180 ab
457 2116 598 2194 Orellio,
629 2120 741 2182 tamen
763 2117 1031 2199 praeponendam
1054 2117 1197 2182 arbitror
1218 2117 1263 2194 ei,
1292 2132 1393 2198 quam

112 2218 116 2226 ’
208 2225 363 2290 exhibent
375 2224 510 2306 integri:
531 2223 715 2289 forensibus
736 2225 863 2290 nostris·
877 2225 975 2290 rebus
997 2225 1095 2289 etiam
1117 2225 1206 2289 dom.
1227 2225 1286 2289 litt.
1309 2243 1392 2308 resp.
1519 2249 1520 2262 ¹

209 2330 296 2396 Nam
309 2321 426 2414 ¹neque
444 2335 539 2400 oodd.
561 2334 677 2412 mutili,
705 2335 855 2416 quamvis
877 2335 964 2418 pleni
992 2351 1140 2399 errorum
1163 2333 1228 2398 sint
1250 2353 1269 2398 a
1291 2334 1392 2398 libra-

208 2440 332 2504 riorum
360 2441 412 2506 rel
441 2441 648 2524 neglegentia
678 2443 730 2506 vel
761 2443 982 2525 imprudentia
1008 2441 1246 2524 proiectorum,
1278 2443 1392 2506 tamen

88 2634 91 2640 ,
207 2552 337 2630 praeter
358 2548 422 2615 Erl.
451 2547 497 2632 (et
519 2549 588 2618 Vet.
609 2549 674 2631 ut.)
703 2549 854 2632 pluribus
883 2565 983 2631 quam
1012 2548 1131 2629 integri
1161 2549 1392 2614 additamentis

208 2659 287 2720 sunt
307 2656 476 2738 corrupti,
492 2653 599 2738 neque
618 2660 703 2739 part.
725 2655 828 2733 etiam,
848 2657 942 2721 euius
962 2655 1034 2720 looo
1056 2656 1090 2720 in
1112 2655 1211 2721 eddit.
1234 2655 1394 2738 antiquis-

209 2764 301 2830 simis
333 2763 521 2845 allegitur,
552 2783 627 2829 oum
659 2783 719 2830 neo
735 2765 893 2829 ‘addatur
922 2764 1099 2846 quiequam
1130 2781 1190 2828 neo
1222 2769 1393 2851 augeatur,

209 2871 276 2936 ullo
303 2874 400 2954 paeto
428 2875 536 2954 potest
562 2872 705 2937 tolerari.
749 2871 883 2949 Quanta
914 2874 1027 2936 autem
1057 2869 1233 2936 verborum
1265 2870 1394 2951 magni·

210 2978 341 3046 lieentia
363 2995 442 3044 usus
463 2969 576 3044 Cioer'o
600 2983 633 3044 et
653 2997 706 3044 res
727 2983 836 3060 gestas
857 2982 890 3044 et
912 2979 1032 3060 seripta
1054 2997 1115 3042 sua
1135 2995 1395 3042 commemorare

210 3087 330 3164 soleat,
358 3086 393 3152 in
419 3105 602 3169 permagno
629 3085 776 3152 locorum
804 3104 942 3150 numero
972 3088 1111 3169 apparet
1134 3085 1188 3168 (ol.
1210 3105 1257 3151 or.
1282 3085 1342 3150 140
1363 3088 1395 3148 ot

211 3196 252 3260 de
277 3193 392 3261 rooab.
420 3191 561 3258 inclusae
588 3213 635 3261 or.
658 3193 691 3258 in
713 3191 866 3259 Pisonem
888 3194 991 3277 521).
1033 3193 1181 3275 Denique
1201 3193 1220 3276 ς
1242 3193 1304 3258 235
1324 3211 1395 3258 voc.
1441 3216 1450 3234 =

210 3301 475 3384 reformidooisse,
498 3303 586 3384 quod
608 3305 658 3367 est
678 3302 712 3366 in
733 3303 826 3367 codd.
848 3301 971 3366 mutilis
991 3299 1270 3382 (eripuerat
1290 3301 1396 3382 magis

210 3409 409 3493 respondere
429 3413 577 3494 sequenti
597 3411 712 3476 vocab.
727 3411 881 3494 refugisse
901 3429 1002 3493 quam
1024 3410 1112 3491 quod
1130 3408 1284 3474 exhibent
1299 3407 1397 3484 Eius,

211 3517 285 3596 Vit,
317 3518 371 3586 Dr.
401 3537 472 3584 roo.
495 3519 733 3600 formidantem,
764 3536 863 3584 nemo
891 3522 941 3584 est
969 3517 1049 3600 quin
1080 3515 1264 3598 intellegat3
1296 3533 1397 3598 quam

212 3626 351 3690 eandem
370 3623 727 3696 leoitemendationem
749 3627 934 3708 Naugerius
959 3621 1099 3706 Philipp.
1115 3621 1198 3698 XIV,
1221 3622 1257 3687 9:
1279 3621 1399 3704 refugit

211 3733 352 3813 animus,
375 3753 406 3816 p.
429 3752 468 3812 a,
491 3729 602 3816 eaque
616 3734 723 3799 dicere
743 3731 944 3798 reformidat.

154 3873 161 3880 '
280 3861 283 3868 “
314 3865 429 3947 Neque
457 3866 575 3933 desunt
602 3866 674 3943 loci,
704 3865 821 3948 quibus
843 3863 923 3930 loeis
944 3863 1049 3929 utrius
1070 3859 1163 3927 codd.
1187 3859 1313 3942 generis
1334 3859 1399 3923 leo·

211 3971 327 4051 tiones,
348 3973 539 4038 mutilorum
562 3990 606 4038 an
627 3973 754 4061 integr,
783 3973 847 4038 sint
868 3967 1111 4055 praeferendae,
1140 3965 1310 4033 diiudicari
1331 3985 1400 4030 non

211 4084 328 4162 potest,
350 4081 441 4145 ouius
464 4079 592 4164 generis
613 4080 825 4146 manifestum
847 4083 896 4144 est
917 4075 1102 4159 exemplum
1124 4073 1229 4158 5149,
1251 4073 1308 4138 ubi
1323 4074 1358 4138 in
1377 4073 1398 4138 l.

212 4187 336 4252 mutilis
355 4187 491 4270 legitur:
512 4192 548 4251 ut
559 4185 624 4270 fiat
644 4187 738 4270 quasi
760 4189 924 4252 structura
945 4182 1109 4265 quaedam
1131 4199 1191 4247 neo
1212 4183 1325 4247 tamen
1335 4179 1401 4262 flat

212 4313 281 4360 non
302 4295 409 4362 minus
430 4298 520 4362 reete
541 4313 642 4378 quam
664 4297 753 4378 quod
782 4296 831 4358 est
852 4293 887 4357 in
908 4291 1059 4373 integris:
1102 4287 1165 4354 Est
1184 4290 1267 4354 enim
1290 4307 1320 4371 q.
1343 4291 1398 4352 str.
