3076 4728
801 293 841 358 33

720 377 917 390 mmm

226 493 339 556 temen
361 493 495 569 osteor
516 489 713 558 acerbiuein
726 491 798 568 illos
812 490 1016 571 invehamur,
1038 490 1160 574 quippe
1179 506 1256 557 rum
1277 490 1417 562 nocuae.

228 599 344 665 aetatis
365 597 443 676 viri,
471 615 514 664 ne
533 597 744 667 Abrincensis
765 599 896 680 quidem
919 597 1093 667 collatione
1113 595 1293 680 divulgata,
1308 595 1408 674 epid.

226 705 333 772 mutili
354 708 515 787 quonium
537 705 580 770 ed
593 706 838 772 emendandum
854 705 1028 780 Oratorem
1041 705 1175 777 valeant
1187 703 1408 786 cognoverint

227 810 321 890 Qnae
330 831 406 885 eum
415 813 462 892 ite
472 805 551 892 sint'
557 812 707 896 pluribus
716 831 817 896 quem
828 813 1007 881 existimari
1019 813 1102 888 solet
1114 813 1203 892 locis,
1212 812 1263 884 vel
1275 811 1409 894 integris

226 919 381 992 omnibus
394 919 676 998 consentientibus
689 921 742 986 vel
756 939 871 986 eorum
884 924 990 1004 perte,
1006 937 1143 988 amane
1155 919 1258 989 orere
1272 939 1312 987 ee
1325 937 1409 1002 qnae

225 1027 327 1104 tradit
347 1045 466 1104 manus
487 1028 654 1110 antiquior
668 1027 754 1096 ielso
768 1047 841 1094 esso
860 1031 1065 1096 commutate
1080 1027 1231 1095 arbitror.
1261 1027 1417 1105 Quorum.

225 1151 333 1215 pauca
352 1133 464 1202 lectori
485 1133 644 1202 benevolo
665 1153 856 1220 proponam¹
872 1135 1023 1219 exempla
1044 1135 1292 1218 perpendendo.¹

330 1264 347 1348 9
373 1267 428 1331 131
454 1262 518 1334 Cic.
541 1267 643 1332 animi
664 1272 775 1333 motus
797 1258 1409 1353 enumeret'quibustsint'ailletmdae

226 1379 351 1440 mentes
366 1374 521 1453 iudicum,
544 1375 681 1457 singulis
693 1375 803 1442 uerbis
815 1377 910 1459 peria
924 1376 1061 1459 paribus
1075 1377 1122 1442 ita
1136 1377 1323 1442 conserens:
1344 1377 1409 1442 irn-

224 1487 335 1546 scatur
354 1483 534 1566 mitigetur,
563 1483 707 1550 inrideat
728 1485 839 1550 faveat
859 1489 936 1562 etclr
967 1488 1036 1550 tum
1059 1501 1138 1551 vero
1158 1486 1410 1568 interrumpitur

225 1591 329 1655 oratio
350 1591 456 1655 verbis
479 1581 649 1657 »sebetate
671 1591 863 1671 afficietur«,
885 1611 971 1675 quae
991 1611 1060 1657 non
1081 1596 1157 1657 sunt
1177 1592 1240 1657 nisi
1262 1593 1296 1656 in
1314 1589 1409 1657 codd.

224 1697 282 1764 int.
310 1697 432 1763 Verum
454 1699 534 1764 milri
555 1699 713 1782 praebere
731 1699 885 1765 uidentur
906 1699 989 1766 Gud.
1011 1705 1049 1766 et·
1063 1699 1159 1766 Laur.
1180 1699 1238 1782 (pl.
1258 1696 1304 1764 50
1324 1699 1408 1782 cod.)

225 1805 269 1868 33
297 1805 368 1888 (qui
401 1805 431 1889 §¹
454 1805 513 1870 135
545 1823 658 1872 veram
689 1808 826 1890 praebet
856 1808 1048 1874 lectionemz
1084 1815 1214 1872 sursum
1245 1809 1408 1892 rersdmlr

224 1903 324 1976 retient
346 1913 399 1990 (L1
425 1914 545 1992 redeat,
577 1933 616 1980 er
648 1931 713 1997 quo
744 1915 807 1980 leri
837 1933 947 1982 errore
974 1919 1102 1981 mutato
1116 1927 1200 1982 ‘uon
1230 1907 1337 1978 ortum
1360 1919 1410 1980 est

223 2009 304 2085 illud
319 2022 389 2088 cod.
405 2021 486 2088 llrlz:
506 2021 643 2104 rideot);
667 2039 745 2087 nam
768 2023 831 2088 hoc
846 2023 1053 2102 vocabulum,
1076 2023 1233 2105 quod'illo
1248 2018 1409 2086 orationis

224 2133 377 2195 contextu
398 2130 479 2194 nihil
500 2127 582 2195 milri
610 2127 733 2196 habere
752 2131 882 2196 ridetur
909 2131 1114 2210 offensionis,
1143 2150 1163 2195 a
1191 2129 1414 2212 grammatico

222 2231 332 2301 nescio
363 2236 439 2319 quo‘
455 2237 540 2302 miro
566 2237 683 2306 vocab.
712 2251 777 2303 usu
802 2238 928 2304 offenso
949 2239 1113 2304 locutione
1133 2237 1189 2302 illa
1211 2257 1231 2302 a
1251 2237 1408 2303 Cicerone

222 2339 457 2431 usurpata‘(cf.
480 2347 514 2412 in
533 2347 623 2416 Verr.
646 2347 683 2426 V,
708 2348 780 2432 100)
808 2352 1049 2414 commutatum
1078 2352 1136 2416 est.
1187 2345 1283 2425 Quod
1311 2345 1408 2411 simili

221 2455 321 2519 modo
342 2454 465 2520 factum
499 2472 570 2520 esse
599 2455 618 2539 ἕ
644 2455 703 2520 rao
729 2455 824 2522 docet
852 2447 979 2539 Stegm.'
1005 2456 1049 2540 (p.
1071 2452 1134 2537 39),
1161 2453 1218 2517 ubi
1246 2453 1343 2520 Laur.
1365 2453 1406 2517 33

222 2562 255 2627 id
276 2553 384 2646 ipsum
403 2563 563 2646 praebere
575 2564 713 2643 ridetur,
736 2565 825 2647 quod
837 2563 891 2630 ille
904 2563 968 2646 legi
983 2563 1071 2628 vult:
1092 2559 1406 2641 cummoperiorihes,

222 2690 336 2736 omnes
359 2674 471 2736 autem
493 2674 586 2749 mut,
606 2671 669 2736 nisi
689 2671 797 2751 fallor,
819 2669 990 2736 exhibent:
1021 2671 1085 2736 nisi
1114 2689 1151 2734 eo
1173 2671 1226 2751 (L1
1250 2671 1314 2735 nisi
1336 2689 1406 2734 cnm

221 2785 270 2852 eol
307 2801 404 2848 mem.
460 2781 586 2848 Deinde
616 2781 634 2864 ἕ
659 2781 719 2846 138
748 2793 862 2846 veram
893 2778 985 2844 verbi
1014 2780 1157 2846 formam
1185 2777 1270 2844 dicut
1300 2776 1406 2844 mutili

221 2907 336 2954 omnes
358 2907 503 2956 servasse
524 2889 675 2956 videntur
696 2889 812 2954 eodem
833 2887 948 2965 modo,
969 2899 1035 2969 quo
1056 2887 1149 2952 initio
1171 2905 1237 2968 seq.
1259 2885 1278 2968 ξ
1298 2903 1406 2964 seque·

221 3001 274 3060 tur
295 2996 457 3078 (sequitur
477 2997 575 3073 Eine,
598 2999 756 3079 sequatur
776 2997 819 3060 L²
837 2995 900 3064 Vit
914 2995 994 3076 Dra),¹
1015 2993 1172 3077 quioniam
1188 2993 1299 3066 omnia
1320 3009 1405 3073 quae

221 3105 419 3170 antecedunt
439 3107 610 3172 enuntiata
631 3105 771 3170 relativa
791 3122 859 3170 non
879 3104 998 3182 futuri,
1028 3103 1085 3168 sed
1115 3102 1278 3172 coniuret.
1308 3118 1405 3182 prae·

221 3213 321 3278 sentis
342 3217 442 3296 temp.
464 3212 572 3278 forma
593 3215 741 3280 utuntur.
776 3210 869 3289 Quae
889 3210 990 3280 futuri
1011 3213 1110 3292 temp.
1134 3209 1281 3284 iormna
1303 3207 1405 3280 rerbo

221 3321 370 3386 sumendi
393 3339 524 3403 quoque
543 3320 570 3403 d·
587 3319 646 3386 133
667 3318 844 3388 abhorrere
865 3319 1011 3396 videtum
1042 3335 1149 3400 neque
1176 3323 1298 3396 tamen,
1324 3331 1405 3385 'rum

221 3433 252 3494 et
274 3429 356 3497 Gud.
377 3433 542 3494 sumentur
569 3429 700 3494 tradere
720 3427 869 3496 videatur
899 3445 1007 3509 neque
1038 3427 1116 3508 quid
1134 3425 1304 3508 ⁴praebent
1323 3423 1405 3490 Abr.

220 3537 332 3614 sciam,
361 3536 574 3602 diiudicatum
597 3554 667 3602 rem
688 3535 773 3605 volo.
817 3532 1027 3617 Quamquam
1048 3534 1089 3600 de
1110 3534 1173 3600 hae
1192 3552 1245 3612 re,
1272 3533 1292 3599 i
1316 3553 1343 3599 e.
1363 3531 1406 3598 de

219 3644 389 3709 vocalibus
403 3645 423 3722 i,
440 3663 457 3708 e
472 3647 504 3710 et
520 3663 550 3721 a,
571 3661 594 3709 u
615 3641 816 3726 syllabarum
838 3642 975 3711 verbum
993 3641 1247 3719 terminantium,
1269 3643 1406 3724 propter

218 3751 377 3817 librorum
399 3750 681 3833 perturbationem
703 3751 795 3816 haud
815 3767 892 3816 raro
912 3750 994 3818 nihil
1014 3749 1116 3816 stetui
1133 3751 1242 3830 potest
1256 3747 1345 3824 certi,
1366 3749 1406 3810 ut

221 3859 240 3942 ᾗ
254 3859 314 3925 164
327 3879 396 3924 non
407 3859 517 3924 minus
530 3862 618 3926 recte
631 3879 652 3925 a
663 3859 787 3929 mutilis
801 3859 956 3928 traditur:
978 3860 1220 3940 componentur
1232 3890 1273 3906 -
1284 3855 1406 3921 rinion·

219 3972 273 4032 tur
288 4001 331 4016 -·
342 3971 371 4031 et
385 3967 542 4032 finientur
552 3971 653 4049 quam
665 3966 708 4034 ab
719 3967 871 4049 integris:
892 3966 1131 4049 componentur
1144 3995 1184 4014 -·
1198 3964 1352 4034 finientur
1362 3997 1405 4012 -··

219 4075 275 4140 scd
301 4076 469 4143 finiuntur.
511 4073 631 4140 Mirum
660 4074 694 4140 in
720 4073 940 4142 modumviri
959 4073 1048 4140 docti
1070 4073 1155 4138 iusto
1176 4071 1283 4154 pluris.
1307 4070 1407 4136 nesti-

220 4185 343 4249 mendo
371 4184 463 4250 codd.
493 4184 637 4266 integros
664 4185 855 4248 erraverunt
883 4181 922 4248 in·
946 4180 1054 4246 verbis
1075 4179 1094 4263 5
1118 4178 1193 4247 nr:
1214 4178 1324 4244 nescio
1345 4195 1414 4242 cur.

220 4311 287 4356 non
316 4291 463 4358 docendo
492 4291 591 4358 etiem
622 4289 747 4372 aliquid
775 4287 952 4370 aliquando
980 4286 1085 4368 possis
1115 4286 1265 4352 meliores
1285 4285 1405 4364 tacere,
