3076 4728
648 286 842 384 wilm

11 517 12 520 ¹
150 484 329 568 suppellex,
358 482 469 548 obiicit
489 487 522 548 et
541 483 714 550 subiicitur
736 489 805 564 etc,
835 485 967 568 seleget,
996 488 1028 551 et
1055 484 1178 553 tralata
1199 487 1232 552 et
1251 486 1344 558 tras·

150 594 254 658 latum
276 590 513 676 (trasferendis)
534 595 568 658 et
591 593 763 661 translatio
785 593 1011 676 (transferas);
1033 593 1180 670 caeteris,
1201 591 1341 658 faecun-

151 702 249 778 dum,
281 700 439 764 maestior
467 689 673 784 (maerelet),
705 719 860 778 scaenae,
891 700 1138 778 subobscaeno,
1169 700 1342 782 caepisset,

151 809 260 890 caepit
281 809 352 890 (pro
373 807 536 889 coepisset,
568 810 693 890 coepit),
724 809 825 890 polite
850 810 923 892 (pro
951 809 1085 890 potitor)
1118 812 1188 885 etc,
1211 807 1343 890 ,preliar

151 935 333 998 nunquam,
362 933 565 998 quanquam,
594 920 766 998 tanquam,
794 917 989 998 quicunque,
1012 916 1341 997 plerunqueutran·

154 1043 228 1105 que,
249 1025 450 1102 iandudum;
482 1025 608 1102 omnis,
641 1027 762 1107 pertis,
794 1026 986 1096 insanabilis
1015 1025 1089 1109 (pro
1118 1045 1231 1095 omnes
1253 1025 1339 1108 etc).

154 1133 268 1214 Praep.
290 1132 334 1198 od
357 1133 593 1206 assimilatione
620 1151 695 1201 cum
717 1135 817 1202 verbo
839 1134 1038 1216 coniungere
1058 1134 1156 1200 solet:
1189 1133 1346 1211 afferens,

115 1227 120 1240 ’
153 1241 260 1318 allata,
283 1242 434 1306 assumet
455 1240 655 1324 (astrictior).
689 1241 755 1306 Pro
775 1241 805 1304 ei
827 1241 877 1306 rel
897 1240 932 1306 hi
954 1241 1005 1310 rel
1024 1241 1049 1312 ii
1070 1241 1206 1322 legitur3
1232 1255 1345 1322 neque

153 1348 255 1415 solum
278 1348 350 1415 libr.
372 1347 514 1418 scrihere
535 1347 634 1412 solet:
666 1349 753 1430 quod
775 1349 813 1427 si,
838 1349 929 1428 etsi,
951 1349 1050 1418 etiam
1072 1348 1118 1427 si,
1145 1349 1173 1413 si
1196 1349 1343 1430 quidem,

103 1477 119 1502 =
152 1456 208 1520 sed
230 1456 442 1522 inveniuntur
463 1457 561 1524 etiarn
584 1473 653 1524 voc.
676 1457 763 1522 male
784 1457 963 1530 disiuncta:
993 1456 1182 1538 perpauci,
1210 1457 1242 1525 id
1264 1468 1339 1538 que,

151 1569 189 1630 ut
210 1583 357 1647 cunque,
386 1570 500 1632 contra
528 1567 594 1632 dno
624 1585 695 1630 voc.
716 1566 750 1630 in
771 1583 875 1633 unum
897 1565 1090 1638 coniuncta:
1118 1564 1220 1641 idest,
1249 1564 1340 1646 plus-

152 1693 264 1754 quam,
286 1673 596 1756 quammollissirnis
633 1673 698 1738 Pro
720 1673 782 1739 litt
802 1693 824 1754 y
845 1672 960 1746 vocab.
983 1690 1177 1754 graecorum
1192 1672 1339 1754 pletum·

153 1799 216 1862 que
237 1782 258 1844 l.
277 1780 289 1844 i
308 1786 467 1864 ursupate
481 1787 547 1848 est:
569 1780 805 1864 panegiricum,
826 1779 990 1862 gimnasii,
1010 1779 1208 1856 Bizantium,
1229 1783 1261 1844 at
1280 1797 1340 1847 no-

153 1888 244 1955 mina
260 1888 395 1970 propria
408 1908 477 1955 non
491 1907 568 1958 raro
583 1892 660 1954 sunt
672 1887 760 1955 male
781 1888 918 1970 scripta:
941 1886 1219 1966 Glithomenhurn,
1241 1886 1345 1952 Chal-

153 2013 209 2070 cas
230 1998 291 2062 etc.
322 1995 400 2060 Voc.
421 2015 549 2077 graeca,
571 2015 713 2078 quorum
734 1995 955 2078 parslatinis,
976 2014 1054 2078 pars
1076 1995 1202 2077 graecis
1224 1994 1346 2068 litteris

153 2102 274 2182 scripta
295 2105 359 2180 est,
391 2101 434 2166 ab
464 2104 622 2171 eademne
651 2122 755 2171 manu
783 2103 931 2169 confecta
953 2122 997 2168 an
1018 2102 1061 2168 ab
1081 2102 1189 2171 altera
1216 2103 1341 2188 inserta

152 2209 234 2288 sint,
265 2229 326 2293 pro
358 2215 447 2279 certo
478 2212 540 2276 dici
574 2229 642 2276 non
671 2215 799 2294 potest:
832 2211 933 2294 paulo
963 2212 1111 2280 acutiore
1131 2213 1245 2295 utiqura
1266 2212 1347 2284 stilo·

154 2335 194 2384 ea
208 2317 331 2399 scripta
352 2337 423 2384 esse
442 2319 616 2384 adnotavit
637 2318 793 2384 Vitellius.
837 2318 989 2393 Ceterum
1007 2319 1090 2386 haec
1116 2320 1240 2392 codicis,
1264 2337 1343 2402 pars

154 2425 225 2490 tarn
240 2429 396 2492 accurate
410 2430 546 2494 exarata
561 2430 619 2505 est,
633 2429 670 2495 ut
683 2427 840 2509 perpauci
853 2427 1061 2510 reperiantur
1075 2427 1197 2495 calami
1210 2427 1341 2509 lapsus:

12 2553 13 2556 ¹
139 2549 232 2596 nom
253 2538 286 2598 et
306 2535 509 2626 mentiantur
531 2533 563 2616 (i.
577 2554 605 2599 e.
619 2551 686 2602 non
697 2538 734 2605 et
748 2538 824 2600 met.
847 2533 945 2616 943),
965 2535 1200 2614 accomodarit,
1206 2535 1342 2614 irnutat,

145 2637 239 2702 casis
260 2639 380 2720 (causis
401 2641 420 2724 5
441 2641 510 2723 51),
532 2642 575 2708 sit
596 2645 629 2708 et
647 2645 753 2707 sucatr
743 2641 826 2723 iltit
844 2645 879 2706 et
900 2640 1001 2711 fucati
1022 2641 1041 2725 5
1064 2642 1104 2706 78
1125 2641 1221 2726 εεᾳ.)
1230 2641 1349 2718 offici

154 2745 287 2827 ciisque,
308 2748 493 2830 terriiisque
507 2746 781 2830 (tertiisque54)
802 2747 964 2820 conterite
987 2749 1155 2828 (contenta
1170 2749 1269 2832 556),
1290 2749 1347 2824 aui
1453 2754 1457 2763 '

154 2853 350 2918 mendorum
365 2857 476 2936 generi
496 2855 606 2920 nescio
628 2875 672 2925 an
692 2873 763 2926 voc
784 2859 846 2920 toto
867 2874 900 2920 ae
920 2855 1020 2938 (totos
1041 2875 1076 2923 se
1098 2855 1117 2939 5
1136 2855 1246 2939 anet
1214 2855 1350 2944 equid

154 2959 300 3042 (quidem
323 2959 341 3044 5
362 2961 416 3042 30)
445 2962 742 3030 adnumeranda
717 2967 798 3040 sint3
829 2981 910 3030 nam
933 2963 1084 3040 vendicat
1112 2962 1345 3046 561)et1am

154 3069 189 3134 in
210 3068 296 3136 Eine.
319 3071 352 3134 et
373 3069 435 3138 Vit.
458 3073 514 3135 est.
559 3069 780 3152 interpunctio
808 3069 976 3136 rarissime
1003 3069 1126 3137 omitit
1102 3091 1111 3133 1
1126 3089 1167 3134 ur
1190 3069 1280 3153 (ut-5
1303 3069 1341 3158 ill

155 3176 290 3258 legitur:
327 3176 480 3244 omnibus
512 3175 649 3258 fateor),
687 3177 782 3258 signa
812 3177 1020 3258 parenthesis
1051 3177 1182 3258 saepius
1215 3177 1342 3254 desunt.

115 3345 118 3352 ,
155 3282 269 3366 Neque
291 3281 453 3348 vocabula
474 3288 532 3350 aut
553 3284 684 3366 singula
709 3288 768 3350 aut
795 3284 970 3350 coniuncta
998 3283 1152 3351 librarius
1172 3285 1344 3360 oculorum

157 3410 266 3456 errore
293 3393 411 3458 ductus
432 3392 495 3456 nisi
523 3391 668 3474 quinque
695 3391 775 3497 locis
806 3392 927 3474 omisit,
960 3391 1078 3474 quibus
1111 3391 1203 3458 locis
1221 3392 1349 3468 omissa.

156 3497 299 3580 margini
321 3497 486 3580 adscripta
507 3503 594 3566 sunt.

260 3621 350 3688 Haec
378 3623 446 3690 fere
474 3626 566 3701 sunt,
594 3642 680 3706 quae
700 3623 742 3688 de
762 3622 863 3688 huius
881 3622 956 3688 libri
977 3623 1084 3705 speoie
1105 3555 1206 3706 atque
1225 3623 1348 3691 habitu

156 3734 475 3796 commemorentur.
495 3733 703 3797 transeamus
725 3731 768 3796 ad
789 3749 840 3808 ea,
861 3747 946 3812 quae
966 3730 1049 3796 de
1022 3749 1092 3796 e1us
1106 3734 1228 3798 natura
1242 3733 1346 3812 atque

158 3838 267 3906 indole
287 3838 479 3906 disserenda
500 3840 588 3904 sunt.
630 3837 679 3904 Ac
700 3837 896 3904 mendorum
925 3837 1058 3920 quidem
1081 3857 1187 3920 paene
1216 3837 1344 3902 nullum

158 3963 226 4012 non
246 3946 410 4014 invenitur
431 3946 466 4012 in
486 3944 603 4012 ceteris
625 3945 730 4024 codd,
759 3965 777 4010 e
799 3963 865 4028 quo
886 3961 1025 4012 numero
1047 3963 1087 4010 ea
1108 3963 1193 4027 quae
1213 3944 1345 4010 notabi-

159 4053 242 4120 liora
261 4055 344 4120 mihi
365 4055 518 4120 videntur
538 4053 717 4137 proferam.
903 4063 906 4070 '

263 4172 324 4254 94
350 4173 384 4239 in
412 4173 566 4239 omnibus
586 4172 608 4238 l.
629 4176 678 4238 est
707 4191 751 4260 nu
769 4189 831 4254 pro
852 4189 937 4249 num,
967 4189 1053 4252 quae
1073 4169 1170 4235 lectio
1199 4168 1344 4250 primum

160 4277 202 4363 (si
223 4278 373 4362 Meyerus
393 4299 472 4347 uera
492 4283 613 4358 tradit;
640 4299 720 4345 nam
750 4281 791 4344 de
812 4277 871 4346 Gu.
897 4279 923 4346 1.
946 4278 974 4344 2.
997 4276 1098 4359 errat)
1120 4277 1155 4340 in
1177 4275 1266 4344 lunt.
1289 4275 1348 4341 alt,
