3076 4728
709 245 905 342 aaa„

213 442 315 524 Atqui
337 461 411 510 eum
434 442 565 519 librum,
588 461 684 524 quem
707 446 836 508 secutus
857 441 1009 508 librarius
1025 441 1159 523 quidam
1176 442 1403 524 antiquiorem

214 550 333 614 codicis
354 554 482 631 partem
505 549 653 626 correxit,
675 549 789 614 ceteris
811 549 1009 614 auctoritate
1030 568 1098 612 non
1112 551 1284 631 praestare
1298 568 1402 631 supra

215 657 449 725 demonstravi.
492 657 578 739 Ergo
609 676 717 739 neque
748 676 787 722 cx
819 659 932 722 eodem
949 657 1145 739 exemplari
1177 657 1268 722 illam
1299 660 1404 740 atque

214 769 301 834 hanc
322 767 441 834 codicis
454 772 583 850 partem
598 767 831 850 transcriptam
849 785 919 831 esse
933 769 1084 848 apparet,
1104 785 1210 846 neque
1225 766 1267 830 ab
1283 767 1400 830 eodem

214 875 349 940 librario
385 879 559 956 utramque
595 879 725 957 partem
762 869 932 941 exaratam
972 895 1042 940 esse
1078 875 1305 940 arbitrandum
1341 877 1400 939 est

214 985 267 1050 Ab
289 1003 327 1049 eo
349 988 471 1060 autern,
501 983 556 1065 qui
577 983 641 1048 hac
661 983 771 1066 priore
791 982 993 1064 transcripta
1025 986 1120 1063 parte
1147 983 1292 1048 codicem
1321 1001 1403 1064 sup·
1504 991 1505 1064 ζ

214 1092 327 1176 plevit,
341 1091 554 1174 posteriorem
567 1093 694 1171 partem
707 1107 778 1154 esse
793 1089 992 1153 correctione
1004 1089 1092 1152 facta
1102 1091 1265 1170 repertam
1282 1108 1402 1172 quam·

215 1217 316 1284 quam
337 1197 510 1264 verisimile
531 1201 591 1274 est,
618 1201 730 1262 tamen
758 1215 819 1278 pro
840 1199 930 1262 certo
951 1217 1019 1262 non
1041 1197 1286 1264 affirmaverim.
1334 1199 1400 1277 Qui

216 1295 318 1390 qcare
338 1305 530 1372 mutilatum
552 1303 672 1368 librum
694 1303 838 1386 priorem
860 1304 1109 1368 transcribendo
1124 1307 1400 1387 praestantissimi

213 1413 393 1479 Laudensis
419 1412 558 1493 exempli
587 1416 716 1494 partem
745 1411 898 1476 maluerit
928 1413 1080 1494 supplere
1109 1431 1210 1494 quam
1231 1415 1400 1496 integrum

214 1523 293 1587 illud
314 1521 530 1586 transcribere
551 1521 736 1603 exemplar,
765 1520 837 1604 quis
867 1523 916 1586 est
938 1521 994 1602 qui
1016 1521 1211 1604 inquirendo
1233 1525 1402 1606 reperiat?

215 1632 279 1712 Qui
299 1632 403 1697 codex
424 1631 592 1714 archetypi
614 1631 796 1696 simillimus
810 1650 885 1696 cum
900 1632 970 1697 fieri
984 1633 1088 1716 possit
1102 1633 1186 1698 utin
1200 1617 1403 1700 bibliotheca

33 1753 34 1756 ’
118 1791 122 1796 .
214 1742 327 1823 aliqua
347 1740 448 1804 lateat
469 1739 611 1816 abditus,
631 1739 758 1804 codices
781 1738 939 1818 Oratoris
962 1759 1044 1822 quos
1063 1743 1194 1822 praeter
1212 1742 1400 1826 notosnon

214 1851 248 1914 in
268 1847 491 1913 Laurentisne
512 1847 627 1926 solum,
649 1847 683 1910 id
705 1849 793 1929 quod
814 1868 845 1930 p.
867 1848 889 1912 4
909 1849 1016 1926 docui,
1038 1849 1095 1914 scd
1117 1849 1151 1913 in
1173 1847 1244 1913 aliis
1266 1867 1400 1930 quoque

214 1956 332 2021 Italicis
364 1955 513 2036 inprimis
546 1953 750 2019 bibliothecis
783 1955 906 2020 multos
938 1960 1065 2021 exstare
1095 1955 1307 2022 statuendum
1340 1959 1401 2034 est,

214 2065 253 2143 ei,
275 2061 395 2144 quibus
415 2061 448 2125 id
470 2061 578 2126 facere
603 2080 665 2143 par
693 2065 752 2140 est,
781 2062 809 2126 si
837 2063 1070 2129 scrutabuntur
1098 2069 1198 2146 atque
1225 2063 1400 2142 excutient,

214 2189 334 2254 operae
354 2169 475 2234 facient
495 2168 645 2251 pretium.
689 2170 754 2235 Sed
775 2188 851 2235 cum
873 2171 932 2235 etsi
956 2190 1023 2235 non
1051 2171 1158 2253 ipsum
1180 2169 1398 2250 Laudensem,

213 2283 326 2342 tamen
354 2276 422 2342 sive
450 2267 615 2370 integram
644 2276 723 2342 illud
752 2279 844 2342 cuius
871 2298 949 2361 pars
977 2283 1083 2344 exstat
1113 2279 1300 2360 exemplum
1328 2279 1394 2343 sire

214 2385 303 2450 aliud
338 2383 505 2466 quoddam
541 2402 609 2448 non
639 2383 749 2449 minus
779 2385 947 2467 egregium
977 2385 1111 2468 reperiri
1142 2385 1290 2469 cupiam,
1325 2389 1397 2450 tum

213 2512 301 2559 nunc
330 2491 463 2575 quidem
492 2494 523 2556 et
551 2491 762 2574 integram
795 2491 992 2559 Oratoris
1020 2492 1182 2558 codicis
1209 2494 1401 2558 Lauren·
1504 2533 1505 2558 ι

213 2601 327 2667 tiani
356 2598 651 2678 collationem,
681 2619 766 2682 quae
786 2600 903 2665 Vitellii
931 2600 1088 2666 beneficio
1110 2600 1144 2665 in
1166 2619 1284 2665 manus
1305 2617 1395 2663 meas

184 2709 311 2787 --vonit
339 2711 371 2773 et
402 2727 457 2774 eas
489 2709 700 2774 lectiones
732 2710 883 2792 quamvis
911 2728 1045 2791 paucas,
1074 2727 1155 2791 quas
1185 2727 1225 2773 ex
1252 2706 1394 2772 eiusdem

213 2818 314 2900 plutei
350 2817 465 2882 codd.
498 2817 690 2881 numeris
727 2817 774 2881 33
806 2820 845 2882 et
880 2817 924 2882 18
959 2798 1201 2899 designatis
1237 2812 1401 2880 Maassius
1504 2879 1505 2902 χ

214 2925 384 3006 excerpsit,
405 2925 556 3004 utendas,
577 2925 605 2989 si
625 2925 741 3007 placet,
761 2925 838 2990 viris
861 2925 963 2991 doctis
982 2925 1123 2990 tradam.
1504 2919 1505 2924 ’
