3076 4728
301 1382 438 1513 Ante
461 1444 520 1508 hos
542 1463 646 1509 annos
669 1448 825 1527 quattuor
838 1446 881 1514 C.
903 1447 1111 1526 Halmium
1140 1467 1237 1528 quem
1259 1451 1366 1515 virum

178 1558 406 1624 doctissimum
446 1554 545 1633 atque
585 1552 860 1618 humanissimum
903 1554 1037 1620 honoris
1075 1573 1179 1619 causa
1220 1558 1366 1637 nomino,

158 1651 164 1666 ⁸
182 1664 313 1748 roganti
328 1661 409 1726 mihi
425 1659 572 1724 Oratoris
587 1660 730 1724 Tulliani
745 1661 864 1726 codicis
879 1661 913 1726 in
932 1660 1129 1726 bibliotheca
1144 1661 1367 1730 Laurentiano

180 1771 341 1838 asservati
356 1770 443 1834 misit
460 1769 645 1851 exemplum
661 1763 684 1832 a‘
696 1769 912 1846 Kleitnero‚
935 1769 1059 1850 collega
1074 1769 1272 1848 doctissimo,
1291 1791 1368 1837 exa-

180 1884 300 1946 ratum.
333 1879 419 1944 Nam
435 1896 509 1942 cum
524 1877 559 1940 in
574 1875 739 1941 Ciceronis
754 1895 902 1942 versarer
922 1876 1067 1957 legendis
1081 1875 1172 1941 libris
1187 1877 1368 1956 rhetoricIS,

179 1986 387 2052 exGoelleri'
403 1984 487 2050 libro
508 1983 562 2066 (Μ,
578 1983 666 2048 Tulli
682 1983 845 2050 Ciceronis
867 1984 910 2049 ad
930 1980 1078 2048 Marcum
1093 1983 1231 2051 Brutum
1248 1985 1370 2051 Orator

179 2113 243 2162 rec.
265 2099 297 2159 et
318 2094 361 2163 ill.
383 2094 434 2160 Fr.
450 2093 488 2158 G.
510 2093 638 2174 Lipsiae
662 2094 765 2176 1838),
793 2093 1021 2174 quem-ipsum
1043 2093 1125 2158 mihi
1145 2093 1199 2158 ille
1220 2114 1258 2159 ex
1276 2095 1368 2159 libris

179 2204 329 2271 biblioth.
359 2205 487 2270 Monac.
510 2203 655 2280 miserat,
678 2221 896 2284 cognoveram
928 2202 1071 2266 codicem
1101 2203 1245 2284 primum
1267 2204 1368 2285 plutei

115 2361 121 2386 .
180 2311 444 2393 quinquagesimi
478 2311 695 2376 bibliothecae
709 2309 888 2376 manneae
918 2309 1158 2376 Laurentianae
1182 2312 1268 2377 ’cum
1303 2312 1367 2376 alia

180 2419 303 2500 scripta
323 2421 489 2486 continere
507 2424 579 2484 tum
594 2419 743 2488 Oratoris
765 2420 950 2502 exemplum
973 2425 1009 2485 ut
1030 2421 1179 2485 nondum
1201 2419 1367 2514 collatum,

179 2525 236 2602 ita,
269 2527 297 2589 si
326 2526 454 2605 Orellio‚
487 2546 552 2609 quo
584 2527 651 2591 fere
683 2547 781 2591 nemo
814 2529 884 2592 erat
914 2528 1110 2610 scriptorum
1139 2527 1367 2592 Tullianorum

180 2632 325 2714 peritior,
353 2635 509 2700 habenda
536 2635 619 2700 fides,
646 2639 739 2714 esset,
774 2635 862 2715 quod
891 2635 1093 2700 conferretur
1115 2635 1368 2717 dignissimum:

181 2759 278 2820 quem
310 2741 452 2808 codicem
486 2741 614 2806 duabus
647 2746 797 2808 constare
827 2742 987 2825 partibus,
1020 2762 1160 2825 quarum
1189 2760 1258 2808 una
1285 2746 1368 2808 esset

41 2837 47 2853 '
180 2847 422 2925 saeculi'XHI.,·
438 2850 543 2914 altera
565 2865 648 2914 saec.
670 2849 738 2918 XV.
803 2883 805 2888 ·

281 2981 430 3047 Oratoris
462 2983 549 3047 enim
586 2983 744 3046 librorum
778 2983 973 3066 scriptorum
1010 2981 1132 3064 duplex
1163 2997 1233 3046 esse
1264 2999 1368 3062 genus

180 3093 318 3167 constat,
333 3089 472 3154 alterum
487 3079 690 3169 mutilorum,
713 3091 851 3156 alterum
866 3089 1079 3173 integrorum.
1111 3089 1238 3154 Horum
1255 3089 1368 3154 arche·

180 3199 279 3279 typus
302 3199 476 3290 quomodo¹
491 3202 523 3263 et
543 3201 691 3280 repertus
714 3201 744 3263 et
763 3197 979 3280 transcriptus
1002 3198 1052 3276 sit,
1085 3201 1200 3262 narrat
1221 3197 1376 3265 Blonduc'

181 3305 409 3371 Foroliviensis
431 3305 465 3370 in
484 3305 616 3372 italia
634 3307 876 3385 illustrata,
898 3307 955 3372 ubi
977 3307 1019 3372 de
1041 3304 1272 3371 Romandiola·
1286 3304 1366 3386 agit,

46 3431 73 3460 ··
181 3414 257 3496 pag.
280 3413 532 3480 3cc>ed513asil
554 3435 583 3482 a.
609 3413 698 3494 15594
728 3433 794 3498 qua
825 3417 921 3480 dere
943 3415 1175 3506 conferendum
1198 3415 1256 3491 est,
1279 3411 1368 3494 quod

180 3521 260 3586 dicit
280 3521 547 3604 Lagomarsinius
576 3523 610 3586 in
637 3523 789 3588 Bandlnii
813 3522 915 3589 Calai.
938 3522 1039 3592 Codd.
1061 3523 1130 3590 latt.
1153 3521 1229 3586 bibl.
1254 3519 1367 3584 Medic.

180 3629 344 3708 Laurent,
366 3623 550 3696 Florentiae
565 3649 595 3700 a.
612 3629 803 3710 impedito,
826 3627 920 3700 Tom.
938 3630 974 3710 ΙΙ,
996 3649 1027 3713 p.
1042 3631 1106 3696 494
1119 3629 1263 3712 seerbi
1279 3628 1368 3711 quod

181 3737 234 3802 ille
255 3737 479 3819 multiplicatis
501 3737 602 3802 trium
626 3739 666 3803 de
692 3735 833 3804 Oratore
854 3737 1013 3804 librorum
1036 3737 1192 3820 exemplis
1216 3755 1366 3800 »omnem

60 3906 68 3918 ,
182 3843 310 3910 ltaliam
343 3846 627 3912 desideratissimo
654 3847 764 3912 codice
793 3848 955 3930 repletam
978 3867 1065 3912 esse«
1099 3847 1184 3925 dicit,
1216 3847 1303 3912 idem
1333 3847 1368 3910 in

183 3948 330 4018 Oratoris
352 3953 553 4036 exemplaria
562 3955 685 4019 ¹cadere
699 3955 890 4021 indefecile
902 3955 1109 4038 intellegitur,
1131 3953 1219 4036 quod
1237 3957 1366 4036 praeter

182 4057 271 4124 hunc
291 4061 422 4140 librum,
444 4061 485 4126 de
507 4081 571 4144 quo
594 4082 691 4145 agere
713 4063 808 4128 nobis
830 4065 1035 4147 propositum
1059 4067 1117 4144 est,
1148 4064 1268 4129 Orator
1289 4083 1368 4129 con·

182 4167 305 4232 tinetur
332 4169 503 4236 duodecim
525 4172 634 4252 ipsius.
648 4172 889 4238 Laurentianae
916 4173 1055 4241 biblcod
1091 4173 1194 4238 icibus
1223 4173 1368 4256 integris

183 4293 266 4356 quos
288 4295 481 4344 enumerare
502 4279 619 4348 licebit.
667 4337 671 4346 ,

1175 4382 1207 4442 1*
