3076 4728
770 308 808 370 10

690 391 886 404 mmm

294 508 328 590 b)
361 505 500 572 Codex
521 504 739 572 Gudianus
759 507 789 584 1),
812 506 845 570 h.
867 525 893 570 1.
917 500 1079 588 particula
1097 497 1217 564 codicis
1231 497 1378 564 Wolien·

192 615 355 681 buttelani
384 614 470 680 ioliis
500 614 653 680 maximis
680 614 742 679 ato
770 612 952 680 constantis
983 629 1067 678 saec.
1097 611 1180 676 XIV.
1208 610 1243 674 in
1271 609 1379 674 Gallia

194 723 315 805 scripti,
337 722 426 804 quod
447 722 562 804 ingens
583 721 738 786 volumen
763 722 886 803 scripta
906 719 1012 786 XXVI
1039 721 1222 784 maximam
1249 724 1377 802 partem

194 831 348 903 Tulliana
363 830 599 912 complectitur,
621 831 662 894 de
677 849 744 912 qua
754 850 790 896 re
799 829 997 896 conterenda
1012 833 1062 894 est
1074 828 1197 894 Halmii
1210 847 1376 896 commen·

193 939 328 1005 tationis
352 958 427 1004 »zur
440 938 806 1004 Handschrilienkunde
827 939 884 1004 der
905 937 1050 1005 Ciceron.
1066 937 1260 1016 Schriften«,
1281 937 1376 1004 Mdn·

194 1048 277 1113 chen
301 1046 390 1124 1850,
418 1065 493 1128 pag.
517 1047 544 1112 7.
581 1046 658 1112 Eius
687 1046 805 1111 codicis
833 1045 914 1110 nihil
942 1045 1024 1110 mihi
1052 1045 1086 1110 irt
1113 1065 1216 1112 manu
1244 1051 1293 1116 est
1313 1048 1376 1112 nisi

194 1155 324 1221 collatio
345 1152 471 1232 Kleinii,
503 1172 603 1234 quam
635 1152 815 1236 divulgavit
835 1152 1002 1218 Goellerus
1030 1153 1064 1216 in
1086 1171 1126 1217 ea
1147 1171 1248 1236 quam
1275 1175 1377 1238 supra

193 1263 261 1329 dixi
276 1261 423 1328 01111111
444 1261 586 1326 editione
607 1260 651 1343 (p.
665 1261 727 1325 489
742 1259 836 1342 sqq),
859 1261 915 1342 qui
929 1265 1042 1326 tamen
1055 1259 1226 1328 8111111111
1241 1267 1377 1329 auctore

186 1390 313 1437 nomen
342 1370 371 1435 ei
399 1369 517 1434 indidit
538 1367 792 1450 Guelferbytano
813 1367 902 1451 (Gu.)
924 1368 953 1432 3.

295 1478 326 1560 c)
359 1477 496 1544 Codex
517 1477 798 1559 Erlangensis
819 1478 867 1556 39,
893 1497 991 1560 quem
1018 1477 1045 1544 J.
1066 1477 1220 1544 Muellero
1243 1484 1375 1546 auctore

193 1587 268 1654 Chr.
290 1587 534 1652 Hoernerus
556 1585 764 1668 (Programm
786 1587 843 1651 der
861 1587 892 1651 k.
907 1586 1127 1657 Studienanst.
1143 1587 1375 1656 Zweihrdclren

194 1694 287 1779 1878)
310 1713 441 1760 summa
462 1695 570 1760 denuo
592 1685 728 1760 contulit
749 1695 926 1776 diligentia.

297 1804 329 1882 d)
366 1802 491 1866 Vetus
524 1801 639 1881 (codex
671 1801 791 1880 Caroli)
825 1801 1050 1884 Stephani,
1090 1803 1182 1868 cuius
1222 1803 1375 1870 lectiones

193 1912 327 1978 editioni
340 1910 452 1992 Steph.
467 1909 642 1976 Parisiensi
654 1928 683 1974 a.
695 1909 778 1974 1555
799 1909 945 1974 adiectae
965 1912 997 1974 et
1017 1929 1038 1974 a
1056 1909 1186 1992 Meyero
1208 1911 1262 1994 (M.
1279 1911 1377 1977 Tullii

194 2020 359 2086 Ciceronis
381 2018 511 2096 Orator,
534 2017 664 2100 Lipsiae
689 2016 782 2100 1817)
803 2017 953 2099 prolatae
973 2021 1059 2082 sunt.

295 2143 380 2223 Nam
402 2141 523 2207 codicis
544 2141 728 2221 Pithoeani,
750 2143 844 2210 codd.
866 2143 1007 2208 duorum
1022 2143 1153 2223 Palait,
1175 2145 1268 2212 codd.
1284 2149 1376 2225 mut,

192 2252 311 2335 quibus
325 2251 505 2316 Lambinus
518 2267 596 2315 usus
611 2255 669 2329 est,
690 2252 861 2333 pauciores
875 2256 976 2317 notae
991 2256 1068 2317 sunt
1089 2252 1251 2332 lectiones,
1273 2273 1373 2336 quam

192 2380 332 2444 quorum
355 2361 439 2426 11111
460 2358 632 2425 habeatur.

295 2477 429 2542 Illorum
450 2477 600 2542 codicum
622 2475 834 2542 Abrincensis
855 2481 892 2542 ut
908 2495 976 2542 non
990 2477 1095 2542 s'olum
1117 2481 1166 2544 est
1187 2479 1374 2562 antiquissi-

191 2605 275 2665 mus,
291 2587 461 2652 sedetiam
474 2586 583 2651 minus
595 2585 711 2651 ceteris
725 2585 849 2652 mutilis
862 2586 1049 2664 mendosus
1062 2585 1110 2652 ita
1120 2605 1160 2652 ex
1171 2586 1287 2652 eodem
1297 2607 1374 2652 eum

191 2713 257 2778 quo
280 2697 405 2760 ceteros
426 2694 526 2758 libros
548 2699 629 2762 mut.
652 2695 784 2759 lluxisse
805 2696 943 2761 constat.
986 2693 1026 2759 Et
1056 2693 1099 2758 de
1127 2693 1225 2758 huius
1254 2695 1373 2759 codicis

190 2807 311 2868 natura
333 2806 364 2867 11
385 2801 425 2867 de
442 2800 871 2884 GudianiErlangensisque
889 2802 922 2868 C.
947 2802 1238 2885 Stegmannius,
1260 2803 1319 2866 etsi
1340 2806 1374 2866 11

190 2909 430 2976 Schneidewini
444 2910 618 2975 collatione
628 2910 701 2976 libri
713 2910 845 2978 Abrinc.
858 2929 977 2975 manca
990 2914 1022 2976 11
1033 2909 1205 2976 1111111111
1215 2909 1374 2976 Hoerneri

188 3021 261 3108 eod.
284 3017 414 3100 Erlang.
430 3019 559 3101 integra
581 3018 724 3098 carebat,
745 3019 825 3084 satis
846 3023 933 3084 recte
953 3019 1034 3082 mihi
1048 3018 1177 3083 videtur
1196 3019 1373 3095 iudicasse;

190 3127 247 3208 qui
274 3127 307 3190 in
329 3126 568 3192 dissertationis
598 3117 802 3208 inauguralis
830 3126 885 3208 (de
913 3125 1061 3190 Oratoris
1082 3125 1224 3192 Tulliani
1250 3127 1373 3193 mutilis

190 3236 247 3318 qui
274 3236 427 3301 dicuntur
455 3233 560 3317 libris)
590 3255 621 3318 p.
653 3235 693 3300 10
720 3253 809 3318 seqq.
838 3234 921 3300 haec
948 3235 1094 3301 disserit:
1139 3237 1245 3301 »Satis
1274 3236 1374 3318 igitur

190 3346 343 3408 11111111
364 3343 418 3407 hic
438 3343 520 3408 liber
541 3343 681 3425 scriptus
697 3347 753 3422 est,
775 3362 881 3425 neque
895 3347 943 3408 111
959 3343 1105 3421 omnino,
1126 3363 1184 3408 cur
1204 3347 1374 3426 tantopere

190 3453 233 3517 ab
255 3450 434 3517 editoribus
455 3455 494 3516 ut
514 3455 686 3533 corruptus
707 3455 739 3516 et
759 3450 974 3533 interpolatus
997 3453 1180 3533 respuatur.
1202 3489 1239 3502 -
1262 3451 1373 3533 Longe

189 3579 266 3624 vero
284 3560 349 3624 alia
364 3579 416 3624 res
432 3563 482 3624 est
503 3559 537 3624 in
559 3559 650 3625 libris
672 3559 735 3627 Eri.
758 3559 903 3626 110111
926 3560 981 3642 qui
1003 3561 1065 3624 etsi
1086 3576 1126 3624 ex
1146 3561 1262 3625 eodem
1283 3561 1373 3626 fonte

189 3687 229 3732 ex
251 3686 316 3750 quo
334 3667 413 3734 Abr.
431 3667 607 3746 fluxerunt,
629 3671 743 3734 tamen
764 3669 820 3749 qui
840 3687 898 3732 eos
919 3668 1117 3750 scripserunt
1145 3668 1241 3734 valde
1263 3669 1373 3750 negle-

189 3781 304 3858 genter
325 3778 357 3841 11
379 3795 419 3840 ex
439 3775 575 3841 arbitrio
598 3795 659 3841 suo
674 3781 822 3841 versatos
844 3795 915 3842 esse
935 3795 1034 3842 nemo
1054 3791 1122 3841 non
1143 3777 1258 3843 videt«
1289 3777 1373 3842 Rec-

187 3885 313 3950 tissime
334 3889 445 3950 cutem
467 3886 516 3950 ita
537 3884 710 3968 distinguit
731 3884 919 3952 Gudianum
935 3885 978 3950 ab
992 3884 1133 3966 Erlang,
1155 3889 1192 3949 ut
1209 3885 1294 3964 huic,
1316 3886 1372 3968 qui

187 3993 301 4057 multis
312 3993 391 4057 locis
412 3991 719 4075 interpolationibus
731 3996 763 4058 11
773 3993 1007 4058 additamentis
1024 3997 1197 4075 corruptus
1207 3992 1259 4071 sit,
1278 3992 1371 4058 illurn

188 4099 294 4164 multo
322 4103 514 4183 praeponat.
557 4099 670 4181 Neque
698 4103 810 4163 tamen
839 4098 1029 4179 negandum
1058 4101 1108 4163 est
1136 4098 1267 4182 ilrlang.
1296 4119 1372 4166 cum

187 4207 360 4289 permultis
382 4208 462 4273 locis
481 4207 636 4273 exhibere
657 4225 752 4272 veras
773 4207 1022 4272 lectionarium
1041 4207 1148 4272 solum
1170 4227 1210 4274 ex
1230 4211 1318 4274 notis
1339 4212 1372 4274 11

187 4313 314 4380 11111111
335 4315 426 4380 libris
448 4315 587 4382 alteram
598 4315 728 4380 tradere
739 4318 870 4395 partem
893 4315 1054 4380 enuntiati
1076 4316 1094 4400 ξ
1119 4317 1178 4382 185
1200 4317 1244 4383 ab
1265 4315 1372 4382 verbis
