<?xml version="1.0" encoding="UTF-8"?>
<!DOCTYPE html PUBLIC "-//W3C//DTD XHTML 1.0 Transitional//EN"
    "http://www.w3.org/TR/xhtml1/DTD/xhtml1-transitional.dtd">
<html xmlns="http://www.w3.org/1999/xhtml" xml:lang="en" lang="en">
 <head>
  <title>
</title>
<meta http-equiv="Content-Type" content="text/html;charset=utf-8" />
  <meta name='ocr-system' content='tesseract 3.04.00' />
  <meta name='ocr-capabilities' content='ocr_page ocr_carea ocr_par ocr_line ocrx_word'/>
</head>
<body>
  <div class='ocr_page' id='page_1' title='image "./deoratoristulli00rubngoog_0037.png"; bbox 0 0 3076 4728; ppageno 0'>
   <div class='ocr_carea' id='block_1_1' title="bbox 799 258 839 324">
    <p class='ocr_par' dir='ltr' id='par_1_1' title="bbox 799 258 839 324">
     <span class='ocr_line' id='line_1_1' title="bbox 799 258 839 324; baseline -0.05 0"><span class='ocrx_word' id='word_1_1' title='bbox 799 258 839 324; x_wconf 73' lang='lat'>32</span> 
     </span>
    </p>
   </div>
   <div class='ocr_carea' id='block_1_2' title="bbox 105 454 1412 1083">
    <p class='ocr_par' dir='ltr' id='par_1_2' title="bbox 225 454 1411 757">
     <span class='ocr_line' id='line_1_2' title="bbox 225 454 1411 540; baseline 0.002 -17"><span class='ocrx_word' id='word_1_2' title='bbox 225 457 453 540; x_wconf 75' lang='lat' dir='ltr'>coniungenda</span> <span class='ocrx_word' id='word_1_3' title='bbox 467 455 524 530; x_wconf 87' lang='lat' dir='ltr'>illa</span> <span class='ocrx_word' id='word_1_4' title='bbox 539 458 629 534; x_wconf 87' lang='lat' dir='ltr'>sunt,</span> <span class='ocrx_word' id='word_1_5' title='bbox 649 459 685 522; x_wconf 90' lang='lat' dir='ltr'>ut</span> <span class='ocrx_word' id='word_1_6' title='bbox 699 454 890 524; x_wconf 76' lang='lat' dir='ltr'><strong>Ciceronem</strong></span> <span class='ocrx_word' id='word_1_7' title='bbox 904 455 1071 538; x_wconf 80' lang='lat' dir='ltr'><strong>scripsisse</strong></span> <span class='ocrx_word' id='word_1_8' title='bbox 1084 456 1262 527; x_wconf 83' lang='lat' dir='ltr'>coniciam:</span> <span class='ocrx_word' id='word_1_9' title='bbox 1287 478 1411 524; x_wconf 82' lang='lat' dir='ltr'>&gt;unum</span> 
     </span>
     <span class='ocr_line' id='line_1_3' title="bbox 225 563 1411 646; baseline 0.001 -14"><span class='ocrx_word' id='word_1_10' title='bbox 225 565 339 644; x_wconf 85' lang='lat' dir='ltr'>aderit,</span> <span class='ocrx_word' id='word_1_11' title='bbox 362 563 451 646; x_wconf 90' lang='lat' dir='ltr'>quod</span> <span class='ocrx_word' id='word_1_12' title='bbox 472 611 526 634; x_wconf 89' lang='lat'>...</span> <span class='ocrx_word' id='word_1_13' title='bbox 549 568 716 643; x_wconf 85' lang='lat' dir='ltr'>ornatum,</span> <span class='ocrx_word' id='word_1_14' title='bbox 737 565 843 634; x_wconf 86' lang='lat' dir='ltr'>aberit</span> <span class='ocrx_word' id='word_1_15' title='bbox 861 566 940 632; x_wconf 90' lang='lat' dir='ltr'>illud</span> <span class='ocrx_word' id='word_1_16' title='bbox 959 585 1061 635; x_wconf 87' lang='lat' dir='ltr'>suave</span> <span class='ocrx_word' id='word_1_17' title='bbox 1078 571 1111 632; x_wconf 86' lang='lat' dir='ltr'>et</span> <span class='ocrx_word' id='word_1_18' title='bbox 1131 567 1310 644; x_wconf 83' lang='lat' dir='ltr'>affluens‹;</span> <span class='ocrx_word' id='word_1_19' title='bbox 1330 587 1411 632; x_wconf 88' lang='lat' dir='ltr'>nam</span> 
     </span>
     <span class='ocr_line' id='line_1_4' title="bbox 225 671 1391 757; baseline 0.003 -20"><span class='ocrx_word' id='word_1_20' title='bbox 225 671 271 738; x_wconf 89' lang='lat' dir='ltr'>sio</span> <span class='ocrx_word' id='word_1_21' title='bbox 291 673 375 737; x_wconf 90' lang='lat' dir='ltr'>bene</span> <span class='ocrx_word' id='word_1_22' title='bbox 395 671 459 736; x_wconf 87' lang='lat' dir='ltr'>hoo</span> <span class='ocrx_word' id='word_1_23' title='bbox 479 671 686 738; x_wconf 90' lang='lat' dir='ltr'>enuntiatum</span> <span class='ocrx_word' id='word_1_24' title='bbox 707 689 783 738; x_wconf 86' lang='lat' dir='ltr'>eum</span> <span class='ocrx_word' id='word_1_25' title='bbox 805 673 861 752; x_wconf 88' lang='lat' dir='ltr'>eis,</span> <span class='ocrx_word' id='word_1_26' title='bbox 882 693 968 756; x_wconf 85' lang='lat' dir='ltr'>quae</span> <span class='ocrx_word' id='word_1_27' title='bbox 989 679 1179 757; x_wconf 89' lang='lat' dir='ltr'>sequuntur,</span> <span class='ocrx_word' id='word_1_28' title='bbox 1200 676 1391 742; x_wconf 77' lang='lat' dir='ltr'><strong>conectitur.</strong></span> 
     </span>
    </p>

    <p class='ocr_par' dir='ltr' id='par_1_3' title="bbox 105 782 1412 1083">
     <span class='ocr_line' id='line_1_5' title="bbox 328 782 1410 866; baseline -0.001 -18"><span class='ocrx_word' id='word_1_29' title='bbox 328 783 377 848; x_wconf 84' lang='lat' dir='ltr'>Aa</span> <span class='ocrx_word' id='word_1_30' title='bbox 397 783 520 848; x_wconf 85' lang='lat' dir='ltr'>menda</span> <span class='ocrx_word' id='word_1_31' title='bbox 541 782 706 864; x_wconf 82' lang='lat' dir='ltr'>quaedam</span> <span class='ocrx_word' id='word_1_32' title='bbox 728 783 804 850; x_wconf 84' lang='lat' dir='ltr'>huie</span> <span class='ocrx_word' id='word_1_33' title='bbox 825 785 895 851; x_wconf 89' lang='lat' dir='ltr'>cod.</span> <span class='ocrx_word' id='word_1_34' title='bbox 918 789 995 850; x_wconf 86' lang='lat' dir='ltr'>sunt</span> <span class='ocrx_word' id='word_1_35' title='bbox 1024 786 1074 850; x_wconf 83' lang='lat' dir='ltr'>vel</span> <span class='ocrx_word' id='word_1_36' title='bbox 1099 805 1175 852; x_wconf 88' lang='lat' dir='ltr'>eum</span> <span class='ocrx_word' id='word_1_37' title='bbox 1203 804 1270 853; x_wconf 92' lang='lat' dir='ltr'>uno</span> <span class='ocrx_word' id='word_1_38' title='bbox 1298 785 1410 866; x_wconf 87' lang='lat' dir='ltr'>aliquo</span> 
     </span>
     <span class='ocr_line' id='line_1_6' title="bbox 225 890 1412 974; baseline 0.002 -20"><span class='ocrx_word' id='word_1_39' title='bbox 225 890 275 954; x_wconf 90' lang='lat' dir='ltr'>vel</span> <span class='ocrx_word' id='word_1_40' title='bbox 304 908 379 956; x_wconf 84' lang='lat' dir='ltr'>rum</span> <span class='ocrx_word' id='word_1_41' title='bbox 408 893 502 972; x_wconf 88' lang='lat' dir='ltr'>parte</span> <span class='ocrx_word' id='word_1_42' title='bbox 530 890 623 956; x_wconf 84' lang='lat' dir='ltr'>codd.</span> <span class='ocrx_word' id='word_1_43' title='bbox 656 892 862 969; x_wconf 86' lang='lat' dir='ltr'>eommunia,</span> <span class='ocrx_word' id='word_1_44' title='bbox 890 896 933 958; x_wconf 90' lang='lat' dir='ltr'>ut·</span> <span class='ocrx_word' id='word_1_45' title='bbox 948 897 996 960; x_wconf 89' lang='lat' dir='ltr'>est</span> <span class='ocrx_word' id='word_1_46' title='bbox 1017 894 1051 958; x_wconf 93' lang='lat' dir='ltr'>in</span> <span class='ocrx_word' id='word_1_47' title='bbox 1072 893 1160 961; x_wconf 88' lang='lat' dir='ltr'>Mon.</span> <span class='ocrx_word' id='word_1_48' title='bbox 1181 897 1242 960; x_wconf 87' lang='lat' dir='ltr'>m¹</span> <span class='ocrx_word' id='word_1_49' title='bbox 1267 897 1300 958; x_wconf 87' lang='lat' dir='ltr'>et</span> <span class='ocrx_word' id='word_1_50' title='bbox 1320 891 1412 974; x_wconf 91' lang='lat' dir='ltr'>apud</span> 
     </span>
     <span class='ocr_line' id='line_1_7' title="bbox 105 983 1412 1083; baseline 0.001 -21"><span class='ocrx_word' id='word_1_51' title='bbox 105 983 129 1037; x_wconf 62' lang='lat'>¹,</span> <span class='ocrx_word' id='word_1_52' title='bbox 225 997 370 1062; x_wconf 90' lang='lat' dir='ltr'><strong>Nonium</strong></span> <span class='ocrx_word' id='word_1_53' title='bbox 392 997 410 1081; x_wconf 65' lang='grc' dir='ltr'>ς</span> <span class='ocrx_word' id='word_1_54' title='bbox 432 997 470 1062; x_wconf 71' lang='lat' dir='ltr'>dl</span> <span class='ocrx_word' id='word_1_55' title='bbox 494 1001 529 1063; x_wconf 83' lang='lat' dir='ltr'>ar</span> <span class='ocrx_word' id='word_1_56' title='bbox 550 996 672 1075; x_wconf 78' lang='lat' dir='ltr'>danos,</span> <span class='ocrx_word' id='word_1_57' title='bbox 694 996 939 1080; x_wconf 65' lang='lat' dir='ltr'>§asianensi</span> <span class='ocrx_word' id='word_1_58' title='bbox 961 1001 1019 1081; x_wconf 90' lang='lat' dir='ltr'>(sio</span> <span class='ocrx_word' id='word_1_59' title='bbox 1039 1006 1090 1067; x_wconf 90' lang='lat' dir='ltr'>est</span> <span class='ocrx_word' id='word_1_60' title='bbox 1111 1003 1144 1068; x_wconf 88' lang='lat' dir='ltr'>in</span> <span class='ocrx_word' id='word_1_61' title='bbox 1165 1002 1257 1069; x_wconf 89' lang='lat' dir='ltr'>oodd.</span> <span class='ocrx_word' id='word_1_62' title='bbox 1279 1002 1412 1083; x_wconf 87' lang='lat' dir='ltr'>praeter</span> 
     </span>
    </p>
   </div>
   <div class='ocr_carea' id='block_1_3' title="bbox 223 1105 1412 1512">
    <p class='ocr_par' dir='ltr' id='par_1_4' title="bbox 223 1105 1412 1512">
     <span class='ocr_line' id='line_1_8' title="bbox 225 1105 1411 1189; baseline 0.003 -21"><span class='ocrx_word' id='word_1_63' title='bbox 225 1105 312 1188; x_wconf 81' lang='lat' dir='ltr'>vit),</span> <span class='ocrx_word' id='word_1_64' title='bbox 335 1106 352 1189; x_wconf 63' lang='lat' dir='ltr'>g</span> <span class='ocrx_word' id='word_1_65' title='bbox 374 1107 414 1171; x_wconf 88' lang='grc'>63</span> <span class='ocrx_word' id='word_1_66' title='bbox 435 1106 481 1182; x_wconf 84' lang='lat' dir='ltr'>sio</span> <span class='ocrx_word' id='word_1_67' title='bbox 503 1107 544 1172; x_wconf 93' lang='lat' dir='ltr'>de</span> <span class='ocrx_word' id='word_1_68' title='bbox 566 1143 605 1154; x_wconf 90' lang='lat'>-</span> <span class='ocrx_word' id='word_1_69' title='bbox 628 1106 801 1186; x_wconf 82' lang='lat' dir='ltr'>laqamddr</span> <span class='ocrx_word' id='word_1_70' title='bbox 829 1109 905 1188; x_wconf 92' lang='lat' dir='ltr'>(om.</span> <span class='ocrx_word' id='word_1_71' title='bbox 929 1107 988 1177; x_wconf 86' lang='lat' dir='ltr'>Gu.</span> <span class='ocrx_word' id='word_1_72' title='bbox 1014 1111 1040 1186; x_wconf 89' lang='lat'>1,</span> <span class='ocrx_word' id='word_1_73' title='bbox 1061 1112 1136 1176; x_wconf 85' lang='lat' dir='ltr'>cett.</span> <span class='ocrx_word' id='word_1_74' title='bbox 1159 1109 1277 1180; x_wconf 82' lang='lat' dir='ltr'>velsic</span> <span class='ocrx_word' id='word_1_75' title='bbox 1297 1109 1338 1174; x_wconf 92' lang='lat' dir='ltr'>de</span> <span class='ocrx_word' id='word_1_76' title='bbox 1359 1107 1411 1172; x_wconf 91' lang='lat' dir='ltr'>vel</span> 
     </span>
     <span class='ocr_line' id='line_1_9' title="bbox 225 1213 1411 1298; baseline 0 -20"><span class='ocrx_word' id='word_1_77' title='bbox 225 1213 290 1278; x_wconf 88' lang='lat' dir='ltr'>fide</span> <span class='ocrx_word' id='word_1_78' title='bbox 303 1249 337 1260; x_wconf 85' lang='lat'>-</span> <span class='ocrx_word' id='word_1_79' title='bbox 355 1214 559 1296; x_wconf 87' lang='lat' dir='ltr'>loquuntur),</span> <span class='ocrx_word' id='word_1_80' title='bbox 581 1213 657 1298; x_wconf 73' lang='lat'>§64</span> <span class='ocrx_word' id='word_1_81' title='bbox 677 1213 825 1280; x_wconf 88' lang='lat' dir='ltr'>mirabile</span> <span class='ocrx_word' id='word_1_82' title='bbox 847 1215 905 1295; x_wconf 86' lang='lat' dir='ltr'>(sie</span> <span class='ocrx_word' id='word_1_83' title='bbox 917 1217 1023 1293; x_wconf 73' lang='lat' dir='ltr'>codd,</span> <span class='ocrx_word' id='word_1_84' title='bbox 1044 1217 1155 1282; x_wconf 88' lang='lat' dir='ltr'>sedin</span> <span class='ocrx_word' id='word_1_85' title='bbox 1176 1216 1263 1284; x_wconf 80' lang='lat' dir='ltr'>Eius.</span> <span class='ocrx_word' id='word_1_86' title='bbox 1279 1215 1411 1280; x_wconf 86' lang='lat' dir='ltr'>misera·</span> 
     </span>
     <span class='ocr_line' id='line_1_10' title="bbox 224 1319 1412 1406; baseline 0 -22"><span class='ocrx_word' id='word_1_87' title='bbox 224 1319 289 1384; x_wconf 88' lang='lat' dir='ltr'>bile</span> <span class='ocrx_word' id='word_1_88' title='bbox 316 1321 490 1403; x_wconf 83' lang='lat' dir='ltr'>legendum</span> <span class='ocrx_word' id='word_1_89' title='bbox 518 1339 591 1386; x_wconf 89' lang='lat' dir='ltr'>esse</span> <span class='ocrx_word' id='word_1_90' title='bbox 619 1323 701 1385; x_wconf 87' lang='lat' dir='ltr'>nota</span> <span class='ocrx_word' id='word_1_91' title='bbox 721 1320 955 1406; x_wconf 80' lang='lat' dir='ltr'>significatur),</span> <span class='ocrx_word' id='word_1_92' title='bbox 988 1322 1006 1406; x_wconf 67' lang='grc'>9</span> <span class='ocrx_word' id='word_1_93' title='bbox 1035 1323 1074 1388; x_wconf 88' lang='grc'>77</span> <span class='ocrx_word' id='word_1_94' title='bbox 1106 1321 1234 1390; x_wconf 86' lang='lat' dir='ltr'>oratori</span> <span class='ocrx_word' id='word_1_95' title='bbox 1263 1320 1412 1405; x_wconf 82' lang='lat' dir='ltr'>(oratorii</span> 
     </span>
     <span class='ocr_line' id='line_1_11' title="bbox 223 1427 729 1512; baseline 0.006 -20"><span class='ocrx_word' id='word_1_96' title='bbox 223 1427 383 1511; x_wconf 76' lang='lat' dir='ltr'>praebent</span> <span class='ocrx_word' id='word_1_97' title='bbox 402 1429 457 1494; x_wconf 89' lang='lat' dir='ltr'>Dr.</span> <span class='ocrx_word' id='word_1_98' title='bbox 481 1427 540 1492; x_wconf 86' lang='lat' dir='ltr'>Gu.</span> <span class='ocrx_word' id='word_1_99' title='bbox 566 1429 592 1492; x_wconf 93' lang='lat'>1.</span> <span class='ocrx_word' id='word_1_100' title='bbox 614 1430 647 1512; x_wconf 71' lang='lat' dir='ltr'>b)</span> <span class='ocrx_word' id='word_1_101' title='bbox 670 1435 729 1496; x_wconf 88' lang='lat' dir='ltr'>ete.</span> 
     </span>
    </p>
   </div>
   <div class='ocr_carea' id='block_1_4' title="bbox 223 1546 1517 4348">
    <p class='ocr_par' dir='ltr' id='par_1_5' title="bbox 223 1546 1517 3030">
     <span class='ocr_line' id='line_1_12' title="bbox 326 1546 1412 1630; baseline 0 -18"><span class='ocrx_word' id='word_1_102' title='bbox 326 1546 642 1612; x_wconf 77' lang='lat' dir='ltr'>Praetermittendae</span> <span class='ocrx_word' id='word_1_103' title='bbox 664 1566 735 1612; x_wconf 89' lang='lat' dir='ltr'>esse</span> <span class='ocrx_word' id='word_1_104' title='bbox 754 1546 869 1630; x_wconf 86' lang='lat' dir='ltr'>putavi</span> <span class='ocrx_word' id='word_1_105' title='bbox 891 1565 946 1612; x_wconf 85' lang='lat' dir='ltr'>eos</span> <span class='ocrx_word' id='word_1_106' title='bbox 967 1547 1039 1614; x_wconf 88' lang='lat' dir='ltr'>ead.</span> <span class='ocrx_word' id='word_1_107' title='bbox 1061 1546 1160 1626; x_wconf 89' lang='lat' dir='ltr'>looos,</span> <span class='ocrx_word' id='word_1_108' title='bbox 1182 1547 1239 1628; x_wconf 91' lang='lat' dir='ltr'>qui</span> <span class='ocrx_word' id='word_1_109' title='bbox 1261 1551 1329 1626; x_wconf 90' lang='lat' dir='ltr'>aut,</span> <span class='ocrx_word' id='word_1_110' title='bbox 1351 1547 1412 1612; x_wconf 90' lang='lat' dir='ltr'>etsi</span> 
     </span>
     <span class='ocr_line' id='line_1_13' title="bbox 224 1653 1412 1737; baseline -0.002 -17"><span class='ocrx_word' id='word_1_111' title='bbox 224 1655 352 1722; x_wconf 88' lang='lat' dir='ltr'>molesti</span> <span class='ocrx_word' id='word_1_112' title='bbox 367 1655 491 1737; x_wconf 89' lang='lat' dir='ltr'>aliquid</span> <span class='ocrx_word' id='word_1_113' title='bbox 506 1655 540 1720; x_wconf 91' lang='lat' dir='ltr'>in</span> <span class='ocrx_word' id='word_1_114' title='bbox 553 1673 589 1720; x_wconf 86' lang='lat' dir='ltr'>se</span> <span class='ocrx_word' id='word_1_115' title='bbox 601 1653 737 1733; x_wconf 85' lang='lat' dir='ltr'>babent,</span> <span class='ocrx_word' id='word_1_116' title='bbox 758 1659 871 1720; x_wconf 86' lang='lat' dir='ltr'>tamen</span> <span class='ocrx_word' id='word_1_117' title='bbox 881 1658 1022 1736; x_wconf 78' lang='lat' dir='ltr'><strong>possunt</strong></span> <span class='ocrx_word' id='word_1_118' title='bbox 1032 1655 1164 1722; x_wconf 87' lang='lat' dir='ltr'>tolerari</span> <span class='ocrx_word' id='word_1_119' title='bbox 1177 1659 1236 1722; x_wconf 88' lang='lat' dir='ltr'>aut</span> <span class='ocrx_word' id='word_1_120' title='bbox 1247 1671 1316 1720; x_wconf 89' lang='lat' dir='ltr'>non</span> <span class='ocrx_word' id='word_1_121' title='bbox 1331 1655 1412 1720; x_wconf 87' lang='lat' dir='ltr'>satis</span> 
     </span>
     <span class='ocr_line' id='line_1_14' title="bbox 224 1761 1413 1844; baseline 0 -16"><span class='ocrx_word' id='word_1_122' title='bbox 224 1763 303 1828; x_wconf 82' lang='lat' dir='ltr'>oeni</span> <span class='ocrx_word' id='word_1_123' title='bbox 324 1763 491 1841; x_wconf 88' lang='lat' dir='ltr'>videntur,</span> <span class='ocrx_word' id='word_1_124' title='bbox 522 1781 541 1827; x_wconf 93' lang='lat' dir='ltr'>e</span> <span class='ocrx_word' id='word_1_125' title='bbox 562 1781 629 1844; x_wconf 90' lang='lat' dir='ltr'>quo</span> <span class='ocrx_word' id='word_1_126' title='bbox 650 1781 788 1828; x_wconf 91' lang='lat' dir='ltr'>numero</span> <span class='ocrx_word' id='word_1_127' title='bbox 817 1763 845 1826; x_wconf 92' lang='lat' dir='ltr'>is</span> <span class='ocrx_word' id='word_1_128' title='bbox 867 1762 957 1828; x_wconf 86' lang='lat' dir='ltr'>loeus</span> <span class='ocrx_word' id='word_1_129' title='bbox 986 1761 1005 1844; x_wconf 67' lang='lat' dir='ltr'>fi</span> <span class='ocrx_word' id='word_1_130' title='bbox 1029 1762 1155 1836; x_wconf 82' lang='lat' dir='ltr'>idest,</span> <span class='ocrx_word' id='word_1_131' title='bbox 1187 1762 1280 1828; x_wconf 88' lang='lat' dir='ltr'>cuius</span> <span class='ocrx_word' id='word_1_132' title='bbox 1310 1779 1413 1844; x_wconf 89' lang='lat' dir='ltr'>supra</span> 
     </span>
     <span class='ocr_line' id='line_1_15' title="bbox 224 1869 1414 1970; baseline -0.002 -34"><span class='ocrx_word' id='word_1_133' title='bbox 224 1869 285 1936; x_wconf 86' lang='lat' dir='ltr'>ieci</span> <span class='ocrx_word' id='word_1_134' title='bbox 307 1870 522 1936; x_wconf 89' lang='lat' dir='ltr'>mentionem:</span> <span class='ocrx_word' id='word_1_135' title='bbox 555 1869 642 1947; x_wconf 87' lang='lat' dir='ltr'>Quid</span> <span class='ocrx_word' id='word_1_136' title='bbox 661 1870 771 1934; x_wconf 82' lang='lat' dir='ltr'>didam</span> <span class='ocrx_word' id='word_1_137' title='bbox 800 1917 838 1936; x_wconf 93' lang='lat'>..</span> <span class='ocrx_word' id='word_1_138' title='bbox 862 1917 869 1934; x_wconf 93' lang='lat'>.</span> <span class='ocrx_word' id='word_1_139' title='bbox 900 1869 1042 1951; x_wconf 74' lang='lat' dir='ltr'>intellegi</span> <span class='ocrx_word' id='word_1_140' title='bbox 1062 1871 1258 1970; x_wconf 68' lang='lat' dir='ltr'>posseiad.</span> <span class='ocrx_word' id='word_1_141' title='bbox 1298 1870 1414 1951; x_wconf 86' lang='lat' dir='ltr'>Neque</span> 
     </span>
     <span class='ocr_line' id='line_1_16' title="bbox 223 1976 1413 2061; baseline 0 -19"><span class='ocrx_word' id='word_1_142' title='bbox 223 1978 330 2058; x_wconf 81' lang='lat' dir='ltr'>magis</span> <span class='ocrx_word' id='word_1_143' title='bbox 352 1979 433 2044; x_wconf 90' lang='lat' dir='ltr'>mihi</span> <span class='ocrx_word' id='word_1_144' title='bbox 454 1997 475 2042; x_wconf 90' lang='lat' dir='ltr'>a</span> <span class='ocrx_word' id='word_1_145' title='bbox 496 1977 645 2061; x_wconf 84' lang='lat' dir='ltr'>Sauppio</span> <span class='ocrx_word' id='word_1_146' title='bbox 666 1977 700 2060; x_wconf 89' lang='lat' dir='ltr'>(l.</span> <span class='ocrx_word' id='word_1_147' title='bbox 721 1977 740 2042; x_wconf 93' lang='lat' dir='ltr'>l.</span> <span class='ocrx_word' id='word_1_148' title='bbox 764 1996 786 2058; x_wconf 91' lang='lat' dir='ltr'>p</span> <span class='ocrx_word' id='word_1_149' title='bbox 816 1976 867 2058; x_wconf 85' lang='lat'>10)</span> <span class='ocrx_word' id='word_1_150' title='bbox 888 1979 947 2043; x_wconf 92' lang='lat' dir='ltr'>aut</span> <span class='ocrx_word' id='word_1_151' title='bbox 969 1977 1013 2044; x_wconf 90' lang='lat' dir='ltr'>ab</span> <span class='ocrx_word' id='word_1_152' title='bbox 1035 1977 1085 2046; x_wconf 90' lang='lat' dir='ltr'>ed.</span> <span class='ocrx_word' id='word_1_153' title='bbox 1105 1977 1185 2044; x_wconf 90' lang='lat' dir='ltr'>Ven.</span> <span class='ocrx_word' id='word_1_154' title='bbox 1206 1977 1316 2060; x_wconf 85' lang='lat' dir='ltr'>priore</span> <span class='ocrx_word' id='word_1_155' title='bbox 1336 1996 1413 2059; x_wconf 85' lang='lat' dir='ltr'>per·</span> 
     </span>
     <span class='ocr_line' id='line_1_17' title="bbox 224 2083 1412 2170; baseline 0 -20"><span class='ocrx_word' id='word_1_156' title='bbox 224 2087 381 2151; x_wconf 85' lang='lat' dir='ltr'>suadetur</span> <span class='ocrx_word' id='word_1_157' title='bbox 402 2088 443 2153; x_wconf 90' lang='lat' dir='ltr'>de</span> <span class='ocrx_word' id='word_1_158' title='bbox 463 2087 535 2152; x_wconf 86' lang='lat' dir='ltr'>loeo</span> <span class='ocrx_word' id='word_1_159' title='bbox 557 2086 576 2170; x_wconf 63' lang='grc' dir='ltr'>ὅ</span> <span class='ocrx_word' id='word_1_160' title='bbox 597 2087 655 2155; x_wconf 84' lang='lat'>33:</span> <span class='ocrx_word' id='word_1_161' title='bbox 688 2085 870 2150; x_wconf 77' lang='lat' dir='ltr'>admirabili</span> <span class='ocrx_word' id='word_1_162' title='bbox 898 2085 991 2152; x_wconf 83' lang='lat' dir='ltr'>fama</span> <span class='ocrx_word' id='word_1_163' title='bbox 1018 2086 1090 2152; x_wconf 89' lang='lat' dir='ltr'>virt.</span> <span class='ocrx_word' id='word_1_164' title='bbox 1114 2083 1361 2161; x_wconf 76' lang='lat' dir='ltr'>incredibilium,</span> <span class='ocrx_word' id='word_1_165' title='bbox 1391 2105 1412 2150; x_wconf 87' lang='lat' dir='ltr'>e</span> 
     </span>
     <span class='ocr_line' id='line_1_18' title="bbox 225 2193 1405 2278; baseline -0.003 -20"><span class='ocrx_word' id='word_1_166' title='bbox 225 2195 344 2275; x_wconf 91' lang='lat' dir='ltr'>quibus</span> <span class='ocrx_word' id='word_1_167' title='bbox 364 2195 417 2260; x_wconf 86' lang='lat' dir='ltr'>ille</span> <span class='ocrx_word' id='word_1_168' title='bbox 438 2214 508 2261; x_wconf 86' lang='lat' dir='ltr'>voe.</span> <span class='ocrx_word' id='word_1_169' title='bbox 523 2193 671 2262; x_wconf 85' lang='lat' dir='ltr'>inoradid.</span> <span class='ocrx_word' id='word_1_170' title='bbox 688 2195 872 2278; x_wconf 84' lang='lat' dir='ltr'>explicandi</span> <span class='ocrx_word' id='word_1_171' title='bbox 893 2213 994 2260; x_wconf 87' lang='lat' dir='ltr'>eausa</span> <span class='ocrx_word' id='word_1_172' title='bbox 1016 2194 1059 2258; x_wconf 91' lang='lat' dir='ltr'>ab</span> <span class='ocrx_word' id='word_1_173' title='bbox 1080 2194 1214 2260; x_wconf 91' lang='lat' dir='ltr'>homine</span> <span class='ocrx_word' id='word_1_174' title='bbox 1235 2197 1405 2274; x_wconf 81' lang='lat' dir='ltr'>grammat.</span> 
     </span>
     <span class='ocr_line' id='line_1_19' title="bbox 225 2301 1409 2384; baseline -0.006 -17"><span class='ocrx_word' id='word_1_175' title='bbox 225 2303 388 2374; x_wconf 82' lang='lat' dir='ltr'>adiectum</span> <span class='ocrx_word' id='word_1_176' title='bbox 418 2322 488 2370; x_wconf 85' lang='lat' dir='ltr'>voc.</span> <span class='ocrx_word' id='word_1_177' title='bbox 518 2302 701 2368; x_wconf 80' lang='lat' dir='ltr'>admirabili</span> <span class='ocrx_word' id='word_1_178' title='bbox 728 2303 920 2381; x_wconf 87' lang='lat' dir='ltr'>delendum,</span> <span class='ocrx_word' id='word_1_179' title='bbox 952 2302 1035 2370; x_wconf 79' lang='lat' dir='ltr'>haer</span> <span class='ocrx_word' id='word_1_180' title='bbox 1062 2301 1311 2384; x_wconf 85' lang='lat' dir='ltr'>transponenda</span> <span class='ocrx_word' id='word_1_181' title='bbox 1337 2315 1409 2364; x_wconf 88' lang='lat' dir='ltr'>esse</span> 
     </span>
     <span class='ocr_line' id='line_1_20' title="bbox 225 2403 1410 2490; baseline -0.007 -14"><span class='ocrx_word' id='word_1_182' title='bbox 225 2410 386 2476; x_wconf 83' lang='lat' dir='ltr'>adieetiva</span> <span class='ocrx_word' id='word_1_183' title='bbox 407 2410 530 2476; x_wconf 84' lang='lat' dir='ltr'>statuit.</span> <span class='ocrx_word' id='word_1_184' title='bbox 573 2408 667 2488; x_wconf 85' lang='lat' dir='ltr'>Quae</span> <span class='ocrx_word' id='word_1_185' title='bbox 687 2413 799 2477; x_wconf 82' lang='lat' dir='ltr'>autem</span> <span class='ocrx_word' id='word_1_186' title='bbox 820 2414 898 2480; x_wconf 91' lang='lat' dir='ltr'>sunt</span> <span class='ocrx_word' id='word_1_187' title='bbox 919 2411 953 2476; x_wconf 92' lang='lat' dir='ltr'>in</span> <span class='ocrx_word' id='word_1_188' title='bbox 973 2410 1038 2476; x_wconf 89' lang='lat' dir='ltr'>boo</span> <span class='ocrx_word' id='word_1_189' title='bbox 1059 2411 1170 2476; x_wconf 87' lang='lat' dir='ltr'>oodice</span> <span class='ocrx_word' id='word_1_190' title='bbox 1187 2409 1277 2490; x_wconf 72' lang='lat'>§472</span> <span class='ocrx_word' id='word_1_191' title='bbox 1298 2403 1410 2470; x_wconf 79' lang='lat' dir='ltr'>Foede</span> 
     </span>
     <span class='ocr_line' id='line_1_21' title="bbox 225 2512 1411 2599; baseline -0.005 -19"><span class='ocrx_word' id='word_1_192' title='bbox 225 2563 233 2580; x_wconf 97' lang='lat'>.</span> <span class='ocrx_word' id='word_1_193' title='bbox 257 2565 263 2580; x_wconf 92' lang='lat'>.</span> <span class='ocrx_word' id='word_1_194' title='bbox 289 2570 295 2582; x_wconf 92' lang='lat'>.</span> <span class='ocrx_word' id='word_1_195' title='bbox 317 2521 483 2599; x_wconf 83' lang='lat' dir='ltr'>percurret</span> <span class='ocrx_word' id='word_1_196' title='bbox 504 2520 576 2594; x_wconf 80' lang='lat' dir='ltr'>eto,</span> <span class='ocrx_word' id='word_1_197' title='bbox 597 2537 637 2582; x_wconf 91' lang='lat' dir='ltr'>ea</span> <span class='ocrx_word' id='word_1_198' title='bbox 657 2517 766 2582; x_wconf 85' lang='lat' dir='ltr'>neseio</span> <span class='ocrx_word' id='word_1_199' title='bbox 789 2535 842 2595; x_wconf 90' lang='lat' dir='ltr'>au,</span> <span class='ocrx_word' id='word_1_200' title='bbox 863 2517 926 2596; x_wconf 83' lang='lat' dir='ltr'>nisi</span> <span class='ocrx_word' id='word_1_201' title='bbox 948 2517 1037 2598; x_wconf 91' lang='lat' dir='ltr'>quod</span> <span class='ocrx_word' id='word_1_202' title='bbox 1066 2515 1289 2599; x_wconf 83' lang='lat' dir='ltr'>(generatim),</span> <span class='ocrx_word' id='word_1_203' title='bbox 1314 2512 1411 2580; x_wconf 68' lang='lat' dir='ltr'>dboai</span> 
     </span>
     <span class='ocr_line' id='line_1_22' title="bbox 225 2622 1408 2706; baseline 0.003 -19"><span class='ocrx_word' id='word_1_204' title='bbox 225 2624 352 2706; x_wconf 82' lang='lat' dir='ltr'>vulgari</span> <span class='ocrx_word' id='word_1_205' title='bbox 372 2645 482 2690; x_wconf 88' lang='lat' dir='ltr'>errore</span> <span class='ocrx_word' id='word_1_206' title='bbox 496 2624 654 2706; x_wconf 84' lang='lat' dir='ltr'>scripturn</span> <span class='ocrx_word' id='word_1_207' title='bbox 670 2628 727 2700; x_wconf 79' lang='lat' dir='ltr'>est,</span> <span class='ocrx_word' id='word_1_208' title='bbox 749 2642 828 2690; x_wconf 83' lang='lat' dir='ltr'>vera</span> <span class='ocrx_word' id='word_1_209' title='bbox 842 2623 908 2690; x_wconf 90' lang='lat' dir='ltr'>sint</span> <span class='ocrx_word' id='word_1_210' title='bbox 923 2623 1157 2690; x_wconf 84' lang='lat' dir='ltr'>existimanda:</span> <span class='ocrx_word' id='word_1_211' title='bbox 1179 2643 1264 2705; x_wconf 87' lang='lat' dir='ltr'>quae</span> <span class='ocrx_word' id='word_1_212' title='bbox 1279 2622 1408 2704; x_wconf 84' lang='lat' dir='ltr'>quidem</span> 
     </span>
     <span class='ocr_line' id='line_1_23' title="bbox 226 2727 1412 2815; baseline -0.003 -19"><span class='ocrx_word' id='word_1_213' title='bbox 226 2732 394 2809; x_wconf 83' lang='lat' dir='ltr'>leati0,&#39;ex</span> <span class='ocrx_word' id='word_1_214' title='bbox 415 2732 559 2814; x_wconf 89' lang='lat' dir='ltr'>antiquis</span> <span class='ocrx_word' id='word_1_215' title='bbox 581 2733 653 2800; x_wconf 91' lang='lat' dir='ltr'>edd.</span> <span class='ocrx_word' id='word_1_216' title='bbox 675 2731 874 2815; x_wconf 77' lang='lat' dir='ltr'>(Cratandri,</span> <span class='ocrx_word' id='word_1_217' title='bbox 896 2731 1040 2810; x_wconf 84' lang='lat' dir='ltr'>Victorii,</span> <span class='ocrx_word' id='word_1_218' title='bbox 1061 2731 1214 2813; x_wconf 78' lang='lat' dir='ltr'>Manutiil</span> <span class='ocrx_word' id='word_1_219' title='bbox 1230 2727 1412 2794; x_wconf 81' lang='lat' dir='ltr'>emendati·</span> 
     </span>
     <span class='ocr_line' id='line_1_24' title="bbox 227 2834 1412 2922; baseline -0.003 -18"><span class='ocrx_word' id='word_1_220' title='bbox 227 2858 290 2906; x_wconf 89' lang='lat' dir='ltr'>one</span> <span class='ocrx_word' id='word_1_221' title='bbox 310 2840 459 2907; x_wconf 77' lang='lat' dir='ltr'>coniecta</span> <span class='ocrx_word' id='word_1_222' title='bbox 481 2860 502 2906; x_wconf 90' lang='lat' dir='ltr'>a</span> <span class='ocrx_word' id='word_1_223' title='bbox 521 2840 630 2922; x_wconf 87' lang='lat' dir='ltr'>Lipsio</span> <span class='ocrx_word' id='word_1_224' title='bbox 652 2841 740 2920; x_wconf 82' lang='lat' dir='ltr'>(Var.</span> <span class='ocrx_word' id='word_1_225' title='bbox 762 2840 847 2906; x_wconf 82' lang='lat' dir='ltr'>teeti.</span> <span class='ocrx_word' id='word_1_226' title='bbox 863 2839 909 2919; x_wconf 76' lang='lat' dir='ltr'>il,</span> <span class='ocrx_word' id='word_1_227' title='bbox 931 2840 974 2921; x_wconf 89' lang='lat'>7),</span> <span class='ocrx_word' id='word_1_228' title='bbox 995 2839 1155 2922; x_wconf 81' lang='lat' dir='ltr'>probatur</span> <span class='ocrx_word' id='word_1_229' title='bbox 1174 2837 1337 2908; x_wconf 87' lang='lat' dir='ltr'>Lambino</span> <span class='ocrx_word' id='word_1_230' title='bbox 1354 2834 1412 2917; x_wconf 85' lang='lat' dir='ltr'>(ef.</span> 
     </span>
     <span class='ocr_line' id='line_1_25' title="bbox 227 2948 1517 3030; baseline -0.003 -17"><span class='ocrx_word' id='word_1_231' title='bbox 227 2948 277 3016; x_wconf 90' lang='lat' dir='ltr'>ed.</span> <span class='ocrx_word' id='word_1_232' title='bbox 300 2966 329 3014; x_wconf 89' lang='lat' dir='ltr'>a.</span> <span class='ocrx_word' id='word_1_233' title='bbox 355 2948 434 3014; x_wconf 80' lang='lat'><strong>1573</strong></span> <span class='ocrx_word' id='word_1_234' title='bbox 459 2967 490 3030; x_wconf 91' lang='lat' dir='ltr'>p.</span> <span class='ocrx_word' id='word_1_235' title='bbox 512 2948 597 3030; x_wconf 76' lang='lat' dir='ltr'>8t8).</span> <span class='ocrx_word' id='word_1_236' title='bbox 797 2983 800 2990; x_wconf 34' lang='grc' dir='ltr'><em>ι</em></span> <span class='ocrx_word' id='word_1_237' title='bbox 1516 2963 1517 2966; x_wconf 67' lang='grc'>’</span> 
     </span>
    </p>

    <p class='ocr_par' dir='ltr' id='par_1_6' title="bbox 227 3061 1415 3474">
     <span class='ocr_line' id='line_1_26' title="bbox 330 3061 1413 3146; baseline -0.005 -17"><span class='ocrx_word' id='word_1_238' title='bbox 330 3064 444 3146; x_wconf 91' lang='lat' dir='ltr'>Neque</span> <span class='ocrx_word' id='word_1_239' title='bbox 472 3069 585 3130; x_wconf 87' lang='lat' dir='ltr'>tamen</span> <span class='ocrx_word' id='word_1_240' title='bbox 615 3084 727 3130; x_wconf 87' lang='lat' dir='ltr'>meum</span> <span class='ocrx_word' id='word_1_241' title='bbox 755 3084 826 3130; x_wconf 88' lang='lat' dir='ltr'>esse</span> <span class='ocrx_word' id='word_1_242' title='bbox 855 3065 1001 3144; x_wconf 86' lang='lat' dir='ltr'>videtur,</span> <span class='ocrx_word' id='word_1_243' title='bbox 1028 3065 1074 3128; x_wconf 86' lang='lat' dir='ltr'>de</span> <span class='ocrx_word' id='word_1_244' title='bbox 1101 3063 1257 3128; x_wconf 91' lang='lat' dir='ltr'>omnibus</span> <span class='ocrx_word' id='word_1_245' title='bbox 1276 3062 1357 3127; x_wconf 87' lang='lat' dir='ltr'>loeis</span> <span class='ocrx_word' id='word_1_246' title='bbox 1377 3061 1413 3124; x_wconf 84' lang='lat' dir='ltr'>in</span> 
     </span>
     <span class='ocr_line' id='line_1_27' title="bbox 227 3170 1415 3256; baseline -0.004 -20"><span class='ocrx_word' id='word_1_247' title='bbox 227 3171 346 3254; x_wconf 87' lang='lat' dir='ltr'>quibus</span> <span class='ocrx_word' id='word_1_248' title='bbox 368 3173 545 3256; x_wconf 85' lang='lat' dir='ltr'>quicquam</span> <span class='ocrx_word' id='word_1_249' title='bbox 566 3177 616 3238; x_wconf 85' lang='lat' dir='ltr'>est</span> <span class='ocrx_word' id='word_1_250' title='bbox 636 3173 737 3254; x_wconf 89' lang='lat' dir='ltr'>dubii,</span> <span class='ocrx_word' id='word_1_251' title='bbox 759 3173 942 3256; x_wconf 86' lang='lat' dir='ltr'>disputare;</span> <span class='ocrx_word' id='word_1_252' title='bbox 971 3171 1187 3256; x_wconf 85' lang='lat' dir='ltr'>quamobrem</span> <span class='ocrx_word' id='word_1_253' title='bbox 1213 3175 1344 3252; x_wconf 86' lang='lat' dir='ltr'>tempus</span> <span class='ocrx_word' id='word_1_254' title='bbox 1364 3170 1415 3232; x_wconf 91' lang='lat' dir='ltr'>est</span> 
     </span>
     <span class='ocr_line' id='line_1_28' title="bbox 227 3276 1414 3368; baseline -0.004 -24"><span class='ocrx_word' id='word_1_255' title='bbox 227 3299 283 3344; x_wconf 90' lang='lat' dir='ltr'>eas</span> <span class='ocrx_word' id='word_1_256' title='bbox 306 3281 463 3350; x_wconf 82' lang='lat' dir='ltr'>afferendi</span> <span class='ocrx_word' id='word_1_257' title='bbox 484 3283 640 3350; x_wconf 87' lang='lat' dir='ltr'>lectiones</span> <span class='ocrx_word' id='word_1_258' title='bbox 660 3303 765 3363; x_wconf 84' lang='lat' dir='ltr'>veras,</span> <span class='ocrx_word' id='word_1_259' title='bbox 787 3303 872 3368; x_wconf 91' lang='lat' dir='ltr'>quae</span> <span class='ocrx_word' id='word_1_260' title='bbox 894 3283 992 3348; x_wconf 89' lang='lat' dir='ltr'>huius</span> <span class='ocrx_word' id='word_1_261' title='bbox 1007 3285 1084 3347; x_wconf 90' lang='lat' dir='ltr'>sunt</span> <span class='ocrx_word' id='word_1_262' title='bbox 1099 3280 1218 3366; x_wconf 83' lang='lat' dir='ltr'>codicis</span> <span class='ocrx_word' id='word_1_263' title='bbox 1232 3276 1414 3344; x_wconf 86' lang='lat' dir='ltr'>Laudensis</span> 
     </span>
     <span class='ocr_line' id='line_1_29' title="bbox 228 3391 627 3474; baseline 0.018 -21"><span class='ocrx_word' id='word_1_264' title='bbox 228 3391 370 3472; x_wconf 86' lang='lat' dir='ltr'>exempli</span> <span class='ocrx_word' id='word_1_265' title='bbox 389 3392 568 3474; x_wconf 77' lang='lat' dir='ltr'>propriae,</span> <span class='ocrx_word' id='word_1_266' title='bbox 624 3463 627 3470; x_wconf 73' lang='grc'>,</span> 
     </span>
    </p>

    <p class='ocr_par' dir='ltr' id='par_1_7' title="bbox 227 3501 1413 4348">
     <span class='ocr_line' id='line_1_30' title="bbox 331 3501 1412 3592; baseline -0.006 -19"><span class='ocrx_word' id='word_1_267' title='bbox 331 3508 350 3592; x_wconf 65' lang='lat'>5</span> <span class='ocrx_word' id='word_1_268' title='bbox 375 3510 412 3574; x_wconf 77' lang='lat'>15</span> <span class='ocrx_word' id='word_1_269' title='bbox 433 3529 520 3577; x_wconf 90' lang='lat' dir='ltr'>unus</span> <span class='ocrx_word' id='word_1_270' title='bbox 540 3529 655 3576; x_wconf 85' lang='lat' dir='ltr'>veram</span> <span class='ocrx_word' id='word_1_271' title='bbox 669 3510 761 3579; x_wconf 87' lang='lat' dir='ltr'>verbi</span> <span class='ocrx_word' id='word_1_272' title='bbox 774 3510 917 3580; x_wconf 86' lang='lat' dir='ltr'>formam</span> <span class='ocrx_word' id='word_1_273' title='bbox 929 3508 1047 3576; x_wconf 87' lang='lat' dir='ltr'>tradit:</span> <span class='ocrx_word' id='word_1_274' title='bbox 1068 3505 1155 3574; x_wconf 79' lang='lat' dir='ltr'>dieii.</span> <span class='ocrx_word' id='word_1_275' title='bbox 1193 3501 1287 3581; x_wconf 82' lang='lat' dir='ltr'>Quae</span> <span class='ocrx_word' id='word_1_276' title='bbox 1301 3506 1412 3568; x_wconf 89' lang='lat' dir='ltr'>autem</span> 
     </span>
     <span class='ocr_line' id='line_1_31' title="bbox 227 3607 1413 3701; baseline -0.009 -20"><span class='ocrx_word' id='word_1_277' title='bbox 227 3615 381 3697; x_wconf 76' lang='lat' dir='ltr'>leguntur</span> <span class='ocrx_word' id='word_1_278' title='bbox 403 3617 423 3701; x_wconf 66' lang='grc' dir='ltr'><strong>ἕ</strong></span> <span class='ocrx_word' id='word_1_279' title='bbox 442 3618 501 3685; x_wconf 65' lang='lat'>23:</span> <span class='ocrx_word' id='word_1_280' title='bbox 533 3618 588 3699; x_wconf 81' lang='lat' dir='ltr'>qni</span> <span class='ocrx_word' id='word_1_281' title='bbox 608 3619 673 3684; x_wconf 83' lang='lat' dir='ltr'>aim</span> <span class='ocrx_word' id='word_1_282' title='bbox 693 3617 950 3693; x_wconf 73' lang='lat' dir='ltr'>accommodarit,</span> <span class='ocrx_word' id='word_1_283' title='bbox 966 3635 1019 3684; x_wconf 84' lang='lat' dir='ltr'>ea</span> <span class='ocrx_word' id='word_1_284' title='bbox 1046 3617 1123 3683; x_wconf 90' lang='lat' dir='ltr'>sunt</span> <span class='ocrx_word' id='word_1_285' title='bbox 1151 3614 1184 3676; x_wconf 90' lang='lat' dir='ltr'>et</span> <span class='ocrx_word' id='word_1_286' title='bbox 1205 3611 1239 3680; x_wconf 91' lang='lat' dir='ltr'>in</span> <span class='ocrx_word' id='word_1_287' title='bbox 1260 3607 1413 3679; x_wconf 86' lang='lat' dir='ltr'>Lambini</span> 
     </span>
     <span class='ocr_line' id='line_1_32' title="bbox 227 3719 1412 3810; baseline -0.007 -22"><span class='ocrx_word' id='word_1_288' title='bbox 227 3723 312 3790; x_wconf 91' lang='lat' dir='ltr'>libro</span> <span class='ocrx_word' id='word_1_289' title='bbox 335 3725 399 3805; x_wconf 89' lang='lat' dir='ltr'>(ed.</span> <span class='ocrx_word' id='word_1_290' title='bbox 418 3746 448 3793; x_wconf 89' lang='lat' dir='ltr'>a.</span> <span class='ocrx_word' id='word_1_291' title='bbox 467 3727 546 3794; x_wconf 79' lang='lat'>1573</span> <span class='ocrx_word' id='word_1_292' title='bbox 568 3745 599 3808; x_wconf 91' lang='lat' dir='ltr'>p.</span> <span class='ocrx_word' id='word_1_293' title='bbox 614 3728 691 3810; x_wconf 79' lang='lat'>589)</span> <span class='ocrx_word' id='word_1_294' title='bbox 712 3731 745 3795; x_wconf 84' lang='lat' dir='ltr'>et</span> <span class='ocrx_word' id='word_1_295' title='bbox 764 3746 787 3790; x_wconf 91' lang='lat' dir='ltr'>a</span> <span class='ocrx_word' id='word_1_296' title='bbox 804 3724 1135 3808; x_wconf 85' lang='lat' dir='ltr'>MeyeroOrellioque</span> <span class='ocrx_word' id='word_1_297' title='bbox 1155 3739 1195 3785; x_wconf 82' lang='lat' dir='ltr'>ex</span> <span class='ocrx_word' id='word_1_298' title='bbox 1215 3719 1412 3794; x_wconf 82' lang='lat' dir='ltr'>ronieetura,</span> 
     </span>
     <span class='ocr_line' id='line_1_33' title="bbox 227 3823 1412 3917; baseline -0.008 -21"><span class='ocrx_word' id='word_1_299' title='bbox 227 3832 290 3898; x_wconf 92' lang='lat' dir='ltr'>nisi</span> <span class='ocrx_word' id='word_1_300' title='bbox 312 3833 443 3898; x_wconf 89' lang='lat' dir='ltr'>animus</span> <span class='ocrx_word' id='word_1_301' title='bbox 465 3853 519 3900; x_wconf 89' lang='lat' dir='ltr'>me</span> <span class='ocrx_word' id='word_1_302' title='bbox 540 3834 633 3913; x_wconf 74' lang='lat' dir='ltr'>fallit,</span> <span class='ocrx_word' id='word_1_303' title='bbox 654 3839 803 3917; x_wconf 83' lang='lat' dir='ltr'>recepta:</span> <span class='ocrx_word' id='word_1_304' title='bbox 830 3851 916 3915; x_wconf 86' lang='lat' dir='ltr'>quae</span> <span class='ocrx_word' id='word_1_305' title='bbox 943 3832 1044 3900; x_wconf 85' lang='lat' dir='ltr'>verba</span> <span class='ocrx_word' id='word_1_306' title='bbox 1065 3833 1102 3896; x_wconf 83' lang='lat' dir='ltr'>ut</span> <span class='ocrx_word' id='word_1_307' title='bbox 1124 3828 1163 3907; x_wconf 90' lang='lat' dir='ltr'>ei,</span> <span class='ocrx_word' id='word_1_308' title='bbox 1186 3829 1241 3910; x_wconf 91' lang='lat' dir='ltr'>qui</span> <span class='ocrx_word' id='word_1_309' title='bbox 1263 3845 1284 3890; x_wconf 88' lang='lat' dir='ltr'>a</span> <span class='ocrx_word' id='word_1_310' title='bbox 1304 3823 1412 3894; x_wconf 84' lang='lat' dir='ltr'>Nonio</span> 
     </span>
     <span class='ocr_line' id='line_1_34' title="bbox 228 3931 1413 4025; baseline 0.004 -20"><span class='ocrx_word' id='word_1_311' title='bbox 228 3960 259 4022; x_wconf 92' lang='lat' dir='ltr'>p.</span> <span class='ocrx_word' id='word_1_312' title='bbox 274 3940 337 4006; x_wconf 72' lang='lat' dir='ltr'>rud</span> <span class='ocrx_word' id='word_1_313' title='bbox 351 3941 470 4008; x_wconf 90' lang='lat' dir='ltr'>allatos</span> <span class='ocrx_word' id='word_1_314' title='bbox 493 3942 696 4025; x_wconf 86' lang='lat' dir='ltr'>perspexerit</span> <span class='ocrx_word' id='word_1_315' title='bbox 719 3942 818 4019; x_wconf 85' lang='lat' dir='ltr'>loeas,</span> <span class='ocrx_word' id='word_1_316' title='bbox 838 3941 921 4012; x_wconf 91' lang='lat' dir='ltr'>nihil</span> <span class='ocrx_word' id='word_1_317' title='bbox 945 3940 1084 4008; x_wconf 83' lang='lat' dir='ltr'>afferent</span> <span class='ocrx_word' id='word_1_318' title='bbox 1109 3931 1413 4009; x_wconf 74' lang='lat' dir='ltr'>admirationisita</span> 
     </span>
     <span class='ocr_line' id='line_1_35' title="bbox 228 4037 1412 4133; baseline -0.008 -19"><span class='ocrx_word' id='word_1_319' title='bbox 228 4046 420 4114; x_wconf 87' lang='lat' dir='ltr'>Pideritium</span> <span class='ocrx_word' id='word_1_320' title='bbox 442 4050 563 4116; x_wconf 89' lang='lat' dir='ltr'>mirum</span> <span class='ocrx_word' id='word_1_321' title='bbox 585 4053 747 4133; x_wconf 90' lang='lat' dir='ltr'>quantum</span> <span class='ocrx_word' id='word_1_322' title='bbox 762 4068 783 4114; x_wconf 90' lang='lat' dir='ltr'>a</span> <span class='ocrx_word' id='word_1_323' title='bbox 796 4067 874 4116; x_wconf 88' lang='lat' dir='ltr'>vero</span> <span class='ocrx_word' id='word_1_324' title='bbox 889 4048 1130 4124; x_wconf 80' lang='lat' dir='ltr'>avocaverunt;</span> <span class='ocrx_word' id='word_1_325' title='bbox 1150 4059 1230 4110; x_wconf 86' lang='lat' dir='ltr'>narn</span> <span class='ocrx_word' id='word_1_326' title='bbox 1245 4037 1412 4124; x_wconf 87' lang='lat' dir='ltr'>quomodo</span> 
     </span>
     <span class='ocr_line' id='line_1_36' title="bbox 230 4147 1413 4236; baseline -0.007 -16"><span class='ocrx_word' id='word_1_327' title='bbox 230 4155 302 4236; x_wconf 90' lang='lat' dir='ltr'>quis</span> <span class='ocrx_word' id='word_1_328' title='bbox 316 4157 351 4222; x_wconf 90' lang='lat' dir='ltr'>in</span> <span class='ocrx_word' id='word_1_329' title='bbox 365 4157 466 4223; x_wconf 89' lang='lat' dir='ltr'>verbo</span> <span class='ocrx_word' id='word_1_330' title='bbox 481 4157 755 4224; x_wconf 84' lang='lat' dir='ltr'>accommodandi</span> <span class='ocrx_word' id='word_1_331' title='bbox 776 4158 881 4224; x_wconf 89' lang='lat' dir='ltr'>inesse</span> <span class='ocrx_word' id='word_1_332' title='bbox 899 4158 992 4222; x_wconf 78' lang='lat' dir='ltr'>»dem</span> <span class='ocrx_word' id='word_1_333' title='bbox 1009 4155 1165 4222; x_wconf 90' lang='lat' dir='ltr'>ldealbild</span> <span class='ocrx_word' id='word_1_334' title='bbox 1175 4147 1413 4236; x_wconf 84' lang='lat' dir='ltr'>entspreahend</span> 
     </span>
     <span class='ocr_line' id='line_1_37' title="bbox 230 4263 1412 4348; baseline -0.005 -22"><span class='ocrx_word' id='word_1_335' title='bbox 230 4263 357 4330; x_wconf 79' lang='lat' dir='ltr'>finden&lt;</span> <span class='ocrx_word' id='word_1_336' title='bbox 389 4284 428 4330; x_wconf 84' lang='lat' dir='ltr'>ex</span> <span class='ocrx_word' id='word_1_337' title='bbox 456 4265 530 4330; x_wconf 90' lang='lat' dir='ltr'>libri</span> <span class='ocrx_word' id='word_1_338' title='bbox 558 4266 595 4330; x_wconf 93' lang='lat' dir='ltr'>Il.</span> <span class='ocrx_word' id='word_1_339' title='bbox 618 4267 726 4340; x_wconf 87' lang='lat' dir='ltr'>deor.</span> <span class='ocrx_word' id='word_1_340' title='bbox 742 4265 772 4348; x_wconf 79' lang='lat'>-§</span> <span class='ocrx_word' id='word_1_341' title='bbox 792 4266 856 4330; x_wconf 70' lang='lat'>250</span> <span class='ocrx_word' id='word_1_342' title='bbox 875 4265 1063 4330; x_wconf 84' lang='lat' dir='ltr'>coniectura</span> <span class='ocrx_word' id='word_1_343' title='bbox 1083 4264 1320 4344; x_wconf 83' lang='lat' dir='ltr'>consequatur,</span> <span class='ocrx_word' id='word_1_344' title='bbox 1352 4273 1412 4336; x_wconf 82' lang='lat' dir='ltr'>ego</span> 
     </span>
    </p>
   </div>
   <div class='ocr_carea' id='block_1_5' title="bbox 0 0 1545 4728">
    <p class='ocr_par' dir='ltr' id='par_1_8' title="bbox 0 0 1545 4728">
     <span class='ocr_line' id='line_1_38' title="bbox 0 0 1545 4728; baseline 0 0"><span class='ocrx_word' id='word_1_345' title='bbox 0 0 1545 4728; x_wconf 95' lang='lat' dir='ltr'> </span> 
     </span>
    </p>
   </div>
  </div>
 </body>
</html>
