3076 4728
769 319 787 381 7

209 517 246 585 II.
280 515 347 598 (tol.
362 514 548 598 conseqq.)
563 514 716 580 Etusdcm
730 515 959 586 inventionum
971 515 1223 582 Rhetoricarum
1244 515 1333 582 Libri
1344 516 1373 582 II

220 665 222 672 ι
280 624 369 709 (cum
392 623 523 688 scholiis
544 623 782 706 marginalibus
804 625 995 708 Anonymi).

195 733 247 799 III.
281 731 350 815 (tol.
370 733 411 796 55
427 731 529 816 seqq.)
551 731 704 798 Eiusdem
726 734 767 798 de
783 733 924 800 Oratore
938 735 982 800 ad
997 732 1035 812 Q.
1057 733 1206 799 Fratrem
1221 732 1309 798 Libri
1330 733 1374 798 III

280 842 369 925 (cum
391 840 521 906 scholiis
543 859 646 923 marg.
669 841 791 918 Anon.)

195 950 248 1016 IV.
282 949 349 1030 (tol.
371 949 442 1013 93b
464 950 567 1030 seqq.)
588 939 740 1014 Eiusdem
763 948 884 1016 Orator
906 951 949 1016 ad
970 949 1118 1016 Marcum
1139 949 1286 1016 Brutum.

211 1059 246 1124 V.
281 1057 346 1138 (Iol.
372 1058 432 1122 110
451 1056 531 1140 seq.)
553 1057 705 1122 Etusdem
729 1059 769 1123 de
784 1059 919 1141 Optimo
934 1058 1059 1124 Genere
1074 1058 1253 1124 Oratorum
1267 1055 1374 1135 Liber,

279 1181 336 1232 seu
365 1165 571 1247 prooemium
601 1165 877 1247 interpretationis
903 1166 1071 1234 Orcitunis
1092 1151 1320 1232 Demosthenis
1342 1169 1374 1231 et

278 1273 450 1339 Aeschinis
472 1271 561 1355 (cum
584 1271 714 1337 scholiis
735 1275 933 1358 marginal).

196 1383 248 1446 Vl.
281 1383 349 1465 (Iol.
375 1384 434 1447 112
450 1382 553 1465 seqq.)
575 1382 727 1448 Eiusdem
745 1381 786 1448 dc
801 1381 923 1448 Officiis
940 1385 983 1450 ad
999 1383 1041 1450 M.
1058 1383 1248 1450 Ciceronem
1269 1381 1373 1448 fllium

280 1509 376 1555 suurn
398 1490 473 1554 libri
494 1489 547 1554 lll.

187 1625 193 1634 '
288 1615 348 1679 His
368 1613 476 1678 verbis
498 1613 656 1696 excerptis
679 1633 718 1678 ex
738 1613 890 1680 Bandinii
913 1615 1019 1694 catal,
1053 1615 1173 1698 quippe
1201 1615 1254 1679 oui
1274 1615 1373 1679 fidem

134 1797 139 1806 ⁸
184 1723 379 1788 'hahendam
402 1739 471 1786 esse
494 1721 636 1786 affirmet
656 1721 878 1800 Vitellius,
910 1724 952 1788 ad
982 1721 1232 1788 describendam
1254 1721 1375 1787 codicis

190 1831 331 1912 speciem
354 1833 385 1896 et
408 1831 558 1896 habitum
580 1831 699 1896 idonea
720 1831 802 1896 haec
823 1831 905 1896 mihi
933 1831 1005 1897 risa
1036 1834 1112 1897 sunt
1141 1831 1293 1896 addenda
1321 1828 1374 1913 (ci.

189 1937 292 2002 Band.
314 1938 333 2007 l.
355 1939 375 2006 l.
397 1959 428 2021 p.
450 1939 513 2004 486
534 1941 612 2020 sq.):
750 1964 754 1974 ·

296 2055 374 2121 ›HIc
395 2055 543 2122 OratorIs
563 2053 659 2120 Liber
681 2056 723 2121 ab
745 2055 866 2138 duplici
887 2073 990 2120 manu
1009 2056 1208 2138 perscriptus
1230 2047 1290 2134 est,
1313 2073 1375 2120 an-

188 2167 328 2250 tiquiore
349 2166 471 2245 altera,
493 2165 598 2230 altera
623 2163 809 2230 recentiore.
851 2165 1026 2246 Antiquior
1058 2163 1187 2229 initium
1210 2161 1374 2228 scribendi

187 2275 266 2341 facit
287 2276 320 2339 in
343 2275 406 2339 illis
429 2273 552 2356 Capitis
574 2272 716 2337 XXVIII.
751 2272 815 2338 »tia
843 2272 925 2336 mihi
954 2273 1184 2355 persuasisset,
1212 2275 1250 2337 ut
1271 2291 1306 2336 se
1327 2271 1376 2335 di·

187 2385 370 2448 mitterem«
409 2386 478 2459 etc,
518 2381 677 2446 recentior
709 2381 819 2464 priora
854 2381 1025 2464 supplevit.
1068 2381 1118 2446 ‘At
1147 2399 1225 2446 vero
1259 2378 1376 2462 Capite

188 2491 280 2556 LVII.
303 2491 502 2556 omittuntur
530 2489 586 2554 illa
610 2507 735 2572 »paeon
755 2489 878 2554 haheat
905 2494 971 2554 tres
993 2489 1125 2554 breves«
1143 2493 1203 2555 etc.
1226 2506 1302 2553 cum
1324 2508 1377 2552 re·

189 2598 285 2679 liquis
305 2617 410 2680 usque
438 2598 482 2662 ad
511 2597 568 2662 illa
598 2595 723 2679 Capitis
743 2595 855 2664 LXIII.
888 2615 1035 2679 »semper
1055 2598 1204 2662 versetur
1236 2615 1373 2677 genere«

191 2708 260 2782 etc,
293 2707 348 2787 qui
377 2707 509 2787 quidem
532 2704 677 2770 defectus
705 2706 745 2769 iis
773 2704 927 2769 omnibus
949 2703 1123 2770 Codicibus
1159 2703 1312 2786 contigit,
1342 2705 1377 2768 in

191 2812 310 2894 quibus
330 2813 527 2894 principIum
551 2811 647 2877 huius
669 2812 790 2878 codicis
811 2811 983 2878 intercidit.

298 2920 408 2986 Codex
429 2921 700 2986 membranaceus
726 2921 786 2986 Ms.
808 2922 842 2985 in
863 2921 918 2987 fol.
941 2920 1031 2987 Saec.
1054 2919 1174 3002 partim
1196 2917 1279 2986 XIII
1301 2939 1378 3002 par-

188 3029 248 3092 tim
264 3029 331 3096 XV.
353 3028 438 3094 binis
458 3028 619 3095 columnis
641 3033 795 3094 exaratus
817 3034 849 3094 et
871 3028 914 3094 ab
936 3027 976 3095 H.
991 3027 1070 3110 Lag.
1094 3028 1174 3108 (ise.
1196 3027 1376 3109 Lagomar-

189 3136 286 3219 sinio)
318 3137 453 3201 collatus
486 3137 538 3201 die
566 3137 596 3202 9.
628 3136 703 3202 tulii
738 3136 819 3202 1740
849 3140 882 3202 ct
900 3137 948 3201 ‘in
979 3135 1090 3202 Classe
1120 3133 1376 3202 Rhetoricorum

190 3242 355 3309 Ciceronis
376 3263 467 3310 num.
510 3245 560 3312 30.
583 3245 784 3328 designatus.
828 3243 966 3310 Constat
987 3243 1072 3308 foliis
1094 3244 1222 3326 scriptis
1247 3243 1334 3312 mu«

293 3351 462 3434 Leguntur
482 3351 599 3417 deinde
618 3351 701 3417 haec
721 3371 755 3434 p.
776 3353 839 3418 500
860 3373 943 3435 seq.:
968 3342 1183 3435 »Frequentes
1205 3353 1377 3418 correctio·

190 3477 248 3522 nes
269 3459 389 3541 ubique
412 3465 595 3539 occurrunt,
625 3461 682 3526 sed
704 3459 746 3525 ab
767 3479 855 3525 nova
869 3459 972 3526 ferme
993 3479 1113 3537 manu;
1146 3472 1293 3554 numum·
1308 3480 1376 3526 non

191 3568 351 3648 omnium,
378 3573 493 3652 utpote
514 3589 611 3653 saepe
639 3570 835 3652 ineptarum,
864 3573 902 3635 ut
931 3587 986 3634 eas
1014 3570 1240 3651 corruptiones
1265 3569 1376 3651 potius

190 3695 292 3758 quam
324 3677 540 3742 correctiones
572 3678 678 3759 possis
711 3678 835 3756 dicere,
873 3677 1035 3743 rationem
1066 3661 1252 3743 hahulmus.
1315 3677 1377 3742 Hic

190 3788 302 3849 autem
316 3789 479 3850 corrector
499 3785 546 3850 tta
566 3801 634 3850 non
655 3802 829 3868 nunquam
842 3785 972 3868 probas
990 3785 1152 3868 quasdam
1163 3801 1258 3849 voces
1277 3785 1376 3867 plane

191 3893 371 3971 mendosis,
403 3893 477 3958 licet
502 3893 661 3975 antiquis,
693 3881 874 3972 substituit}
902 3894 947 3959 ut‘
965 3893 1145 3958 emendatis
1169 3893 1264 3975 ipsis,
1294 3912 1376 3976 quas

193 3999 306 4080 adfert,
326 4002 462 4067 vocibus
484 4001 634 4066 notulam
660 4001 903 4082 significantem
925 4001 1009 4066 otios
1033 4004 1092 4066 aut
1115 4001 1164 4066 uel
1187 4001 1376 4084 praemittat

192 4107 260 4171 sire
281 4109 381 4174 etiam
403 4110 568 4178 inscribat.
591 4145 631 4158 -
661 4109 841 4176 Adundare
862 4115 973 4176 autem
994 4096 1083 4174 hunc
1096 4107 1255 4175 Codicem
1276 4109 1378 4191 pluri-

191 4216 254 4280 mis
276 4219 403 4283 mendis
424 4219 646 4284 confitendum
668 4223 725 4295 est,
748 4218 804 4282 sed
819 4217 866 4282 ita
886 4219 1010 4296 tamen,
1031 4217 1123 4282 utin
1144 4218 1183 4282 iis
1204 4235 1279 4282 vcra
1294 4217 1377 4282 lectt·

191 4323 263 4388 ouis
282 4342 376 4406 saepe
396 4327 527 4408 venula
548 4325 704 4408 cumdum
725 4329 929 4405 appaream
949 4359 991 4376 ›-
