3076 4728
832 270 870 338 18

362 469 607 550 Saepenumero
628 469 738 532 autern
754 467 807 534 hic
821 473 994 547 corrector,
1015 470 1083 534 sive
1108 472 1186 533 utra
1210 469 1316 545 lectio,
1338 469 1444 552 antiq.

259 595 378 642 manus
397 595 441 640 an
456 575 505 638 sui
520 573 725 657 exemplaris
746 576 962 657 praeferenda
976 579 1061 642 esset
1077 576 1261 652 dubitabat,
1282 577 1349 640 sivo
1363 576 1446 658 quid

258 685 292 749 in
322 701 382 747 suo
411 685 496 746 esset
525 681 703 762 exemplari
730 681 932 764 ambigebat,
962 685 1029 748 sire
1051 684 1222 766 complura
1244 683 1273 748 ei
1295 689 1387 748 erant
1409 684 1446 748 in

257 811 360 857 manu
392 791 609 874 exemplaria,
642 795 700 855 aut
731 789 783 854 uel
814 796 871 856 aut
903 791 997 855 utitor
1028 791 1155 857 addidit
1186 791 1302 858 vocab.
1330 811 1444 874 super-

258 899 378 982 scripto
393 898 446 982 (cf.
461 917 493 980 p.
505 899 546 978 7).
568 897 608 963 Et
619 917 720 980 quam
736 899 879 963 incertus
894 917 1136 982 nonnunquam
1151 898 1258 978 fuerit,
1276 899 1444 981 quomodo

258 1013 367 1076 essent
388 1027 474 1092 quae
494 1007 615 1090 scripta
637 1007 814 1072 invenisset
834 1008 1053 1084 emendanda,
1080 1008 1157 1074 inde
1178 1011 1326 1090 apparet,
1355 1007 1444 1090 quod

257 1116 363 1182 tribus
400 1115 496 1193 iocis,
528 1115 590 1180 nisi
622 1113 734 1192 fallor,
767 1131 840 1178 eam
873 1131 974 1195 quam
1006 1114 1284 1196 superscripserat
1314 1117 1442 1180 variam

257 1225 430 1292 lectionem
459 1223 633 1306 expunxit:
661 1222 679 1306 g
703 1222 762 1286 106
790 1225 847 1285 cut
867 1220 929 1286 sibi
947 1221 1016 1304 ipsc
1036 1242 1067 1289 o.
1090 1241 1119 1288 0.
1139 1222 1265 1306 000019
1291 1221 1351 1288 114
1371 1242 1445 1303 erpo

258 1333 307 1418 (in
327 1351 433 1414 marg.
454 1330 579 1414 scr.),ยง
604 1330 663 1395 115
685 1328 904 1413 (instituimur.

352 1455 416 1520 Sed
436 1456 517 1520 haec
535 1455 710 1519 hactenus:
732 1454 917 1520 accuratius
937 1457 1049 1520 autem
1063 1455 1097 1519 in
1113 1455 1258 1521 codicem
1276 1453 1445 1537 inquiren-

256 1563 347 1630 tibus
367 1561 463 1628 nobis
484 1581 571 1640 cum,
604 1565 767 1644 quantum
796 1581 915 1626 manus
937 1562 1041 1627 altera
1062 1563 1203 1628 valuerit
1225 1564 1446 1642 emendando,

256 1671 436 1737 videndum
447 1671 498 1748 sit,
508 1669 691 1734 facerenon
703 1688 891 1752 possumus,
901 1669 988 1752 quin,
999 1669 1078 1752 quid
1089 1669 1130 1734 de
1140 1673 1283 1753 utroque
1293 1670 1446 1735 codicum

258 1796 376 1862 genere
398 1779 608 1843 statuendum
630 1795 669 1842 ac
690 1775 903 1842 iudicandum
924 1777 977 1855 sit,
999 1777 1234 1845 examinemus.
1277 1777 1371 1856 Quae
1391 1797 1444 1844 res

258 1905 334 1953 cum
355 1885 397 1952 sit
417 1885 563 1951 maximo
586 1883 629 1949 ad
650 1901 762 1949 veram
785 1883 949 1950 Ciceronis
969 1884 1153 1950 orationem
1179 1884 1445 1952 constituendam

257 1996 438 2072 momento,
459 1992 559 2076 paulo
581 1989 680 2057 altius
700 1991 783 2057 mihi
803 1990 911 2057 iicebit
931 1995 1089 2074 repetere.

361 2109 475 2192 Neque
503 2107 537 2172 in
565 2108 614 2174 ed.
643 2107 789 2192 principe
816 2107 971 2174 Romana
992 2128 1022 2176 a.
1047 2109 1145 2187 1489,
1174 2127 1275 2192 quam
1297 2109 1446 2176 Kleinius

258 2239 288 2288 a.
313 2217 393 2283 1838
415 2217 562 2296 contulit,
583 2219 674 2282 certa
695 2217 788 2284 codd.
807 2217 1001 2283 mutilorum
1023 2217 1160 2301 vestigia
1174 2220 1315 2296 exstant,
1336 2237 1446 2301 neque

257 2327 293 2392 in
314 2327 431 2391 ceteris
453 2325 525 2392 edd.
548 2341 631 2390 saec.
654 2321 734 2402 XV,
755 2323 776 2392 i.
792 2343 818 2392 e.
840 2324 874 2390 in
894 2323 966 2392 edd.
982 2325 1113 2391 Venetis
1135 2345 1165 2392 a.
1191 2324 1270 2390 1485
1291 2324 1445 2409 (repetita

258 2433 489 2516 aKobergero
521 2429 758 2514 Norimbergae
786 2450 816 2500 a.
848 2433 940 2514 1487)
972 2437 1004 2498 01
1033 2451 1063 2500 a.
1094 2432 1174 2498 1499
1207 2436 1307 2516 atque
1336 2433 1371 2499 in
1392 2435 1444 2502 ed.

257 2541 432 2608 Mediolan.
454 2560 483 2607 a.
509 2539 598 2617 1490,
619 2558 726 2622 neque
740 2540 774 2610 in
789 2539 880 2605 libris
892 2539 1030 2618 Aldinis,
1051 2539 1203 2618 tuntinis,
1224 2540 1447 2622 AscensianiS,

258 2647 458 2735 Gryphianis
479 2652 539 2715 etc.
568 2665 652 2714 saec.
672 2645 756 2712 XVI.
778 2651 854 2714 ante
875 2667 905 2715 a.
930 2647 1010 2714 1555
1038 2647 1132 2713 editis
1153 2647 1247 2714 codd.
1269 2653 1363 2727 mut,
1384 2651 1445 2713 etsi

257 2777 326 2825 non
347 2775 482 2840 prorsus
502 2753 666 2838 repudiati
685 2774 755 2820 esse
770 2755 932 2834 videntur,
953 2755 1066 2840 magui
1086 2759 1199 2822 tamen
1219 2756 1377 2824 momenti
1397 2755 1442 2818 ad

257 2861 361 2933 verba
378 2865 545 2948 scriptoris
565 2863 794 2930 constituenda
815 2863 914 2930 fuisse
935 2867 1082 2930 constat:
1105 2863 1242 2931 Carolus
1257 2863 1441 2946 Stephanus

257 2975 384 3058 primus
401 2972 535 3038 Oratori
548 2972 680 3038 Parisiis
695 2973 750 3038 1110
771 2991 859 3038 anno
880 2973 968 3038 edito
989 2973 1143 3038 lectiones
1163 2973 1282 3039 codicis
1301 2969 1439 3037 alicuius

258 3081 365 3148 mutili
393 3077 520 3148 adiecit.
563 3081 643 3147 Post
671 3081 761 3146 iilum
790 3082 986 3160 Lambinus,
1017 3083 1070 3147 vir
1095 3101 1245 3150 summae
1270 3079 1442 3144 doctrinae

259 3190 446 3273 summique
472 3189 610 3272 ingenii,
641 3190 698 3273 qui
726 3190 761 3255 in
789 3191 917 3274 scriptis
939 3190 1102 3257 Ciceronis
1130 3189 1262 3258 edendis
1282 3185 1443 3269 singulari

239 3295 368 3362 *studio
397 3315 437 3363 ac
453 3296 623 3380 diligentia
650 3301 798 3363 versatus
827 3302 891 3378 est,
923 3300 967 3364 ad
998 3299 1239 3366 emendandam
1270 3295 1444 3378 vulgatam

258 3404 351 3472 Orat.
373 3405 569 3488 scripturam
598 3405 699 3471 libros
728 3406 858 3472 mutilos
888 3409 1017 3472 constat
1044 3407 1242 3472 adhibuisse.
1285 3403 1445 3470 Gruterus

259 3513 377 3580 deinde
397 3509 431 3579 10
453 3533 492 3580 eo
514 3513 614 3595 libro,
636 3514 700 3580 uisi
719 3514 832 3593 fallor,
854 3532 951 3597 quem
973 3513 1157 3596 Hamburgi
1178 3533 1208 3579 a.
1233 3513 1314 3578 1618
1334 3510 1447 3588 edidit,

259 3621 433 3687 adnotavit
456 3621 611 3688 lectiones
628 3638 681 3688 ex
708 3621 838 3687 duobus
860 3619 1018 3688 Palatinis
1045 3623 1177 3707 (Palatt.
1202 3621 1229 3686 1.
1250 3619 1448 3703 9100011110

259 3733 439 3812 excerptas.
480 3729 566 3796 Tum
590 3729 782 3795 Schuetzius
804 3729 838 3794 in
860 3729 911 3794 ed.
932 3730 1057 3796 maiore
1078 3728 1178 3812 (Lips.
1200 3748 1230 3795 a.
1254 3725 1347 3808 1815)
1370 3745 1447 3808 per-

259 3837 380 3902 multas
391 3835 533 3902 Gudiani
549 3837 702 3902 lectiones
718 3857 759 3902 cx
773 3837 967 3920 Heusingeri
981 3837 1156 3904 collatione
1178 3837 1393 3920 depromptas
1411 3835 1448 3900 in

258 3943 404 4011 medium
426 3946 573 4028 protulit.
600 3944 825 4028 'Erlangeusis
847 3945 988 4030 denique
1005 3945 1215 4012 collationem
1236 3944 1400 4025 integram
1425 3960 1446 4006 a

258 4052 373 4118 Beiero
394 4052 515 4120 factam
536 4051 591 4148 illo
613 4071 711 4136 quem
726 4071 827 4136 supra
841 4052 1099 4120 commemoravi
1110 4051 1193 4117 libro
1209 4048 1447 4134 (0.176-183)

258 4159 440 4244 divulgavit
451 4161 606 4228 Orellius:
623 4161 679 4244 qui
689 4164 802 4227 tamen
813 4162 896 4227 adeo
907 4161 1030 4245 sprevit
1044 4161 1064 4228 1.
1077 4161 1267 4226 mutilorum
1280 4157 1446 4232 lectiones,

257 4271 295 4332 01
316 4287 355 4333 ea
375 4269 486 4346 rerba,
517 4288 603 4352 quae
624 4268 711 4334 dicat
732 4267 881 4350 Meyerus
909 4268 1087 4352 (adnotans
1108 4269 1151 4334 ad
1173 4266 1249 4334 edit.
1273 4285 1352 4330 suae
1374 4281 1446 4326 voc.
