3076 4728
773 295 793 358 6

687 379 884 391 mmmmm

101 479 105 502 “
193 511 281 560 nunc
309 492 423 574 incipit
445 512 465 557 a
487 493 594 558 verbis
623 491 641 576 ἕ
667 493 741 557 100:
777 491 953 568 »subtiliter
982 495 1014 558 et
1043 493 1130 558 alta«
1161 491 1215 584 (cf.
1238 491 1379 572 H'o'rner,

194 599 307 682 Progr.
328 601 361 668 (1.
384 601 476 668 stud.
499 599 732 672 Zweibmcken
752 601 841 680 1878,
862 621 894 682 p.
916 600 959 684 5).
991 599 1191 682 subscripta
1205 591 1281 672 ‘sunt
1301 601 1382 667 huic

191 707 311 791 fragm.
349 707 391 773 ab
431 708 532 774 altera
569 728 613 776 m.
650 709 767 775 verba:
812 709 929 777 »Liber
971 709 1110 774 Cosmae
1148 708 1306 782 iohannis
1338 709 1380 772 de

193 815 360 882 Medicis«.
1042 893 1046 901 1

194 969 198 975 -
295 922 439 1005 Roganti
453 922 535 988 mihi
548 922 774 1004 Maassius,
794 943 891 1006 quem
907 924 1015 990 virum
1033 923 1259 990 doctissimum
1274 943 1377 1006 supra

192 1031 270 1104 dixi,
286 1049 416 1096 summa
426 1029 594 1111 diligentia
609 1034 642 1096 et
656 1031 753 1098 buius
765 1033 883 1100 codicis
895 1031 1000 1098 mutili
1014 1031 1143 1096 initium
1154 1029 1377 1114 (geel-101)

192 1139 329 1204 contulit
343 1139 507 1220 integrum
530 1142 561 1205 et
582 1139 752 1222 exscripsit
773 1140 948 1214 nonnullos
971 1156 1051 1221 quos
1073 1143 1266 1208 notaveram
1288 1139 1378 1204 locos

195 1249 227 1312 et
246 1265 286 1312 ex
307 1246 370 1310 boc
386 1244 495 1310 codice
510 1248 542 1309 et
557 1264 597 1310 ex
616 1244 699 1310 libro
717 1245 773 1312 illo
791 1246 834 1312 ab
853 1247 999 1313 Antonio
1014 1245 1111 1312 Curio
1135 1265 1164 1314 a.
1188 1245 1268 1312 1423
1287 1250 1379 1312 tran-

195 1355 332 1436 scripto:
364 1371 464 1434 quam
486 1351 695 1418 collationem
718 1353 869 1434 quamvis
898 1371 1052 1418 mancam
1081 1354 1268 1426 addendam
1297 1355 1380 1418 mibi

195 1482 265 1528 esse
297 1461 397 1528 statui
425 1460 501 1525 huic
536 1461 816 1528 commentariolo.
860 1461 960 1539 Idem,
993 1461 1119 1526 collatis
1155 1461 1380 1545 compluribus

193 1575 376 1636 ceterorum
400 1587 483 1650 quos
505 1587 606 1650 supra
634 1570 890 1635 commemoravi
912 1570 1061 1636 codicum
1083 1570 1285 1647 lectionibus,
1307 1590 1380 1636 esse

194 1679 266 1744 illos
290 1696 329 1742 ex
350 1676 513 1742 Laudensi
536 1676 578 1740 ad
600 1695 704 1741 unum
726 1696 840 1754 omnes
861 1679 1077 1760 transcriptos
1099 1680 1314 1747 confirmavit.

298 1787 363 1853 Sed
383 1785 465 1850 haec
486 1784 663 1850 hactenus:
695 1786 867 1852 redeamus
901 1788 944 1852 ad
975 1787 1067 1851 illum
1101 1787 1256 1866 codicem,
1290 1787 1379 1855 unde

194 1897 300 1961 exorsi
318 1913 431 1960 sumus
449 1895 643 1962 orationem.
687 1894 793 1973 Quem
807 1914 884 1960 cum
900 1895 1040 1960 Orellius
1058 1895 1202 1976 primum
1220 1897 1307 1964 dicat
1322 1895 1378 1978 qui

194 2005 382 2069 conferatur
393 2003 529 2083 dignum
542 2023 621 2080 esse,
638 2021 733 2084 equo
749 2003 818 2067 solo
832 2003 967 2068 certiore
979 2003 1105 2068 ratione
1116 2004 1221 2085 possit
1235 2003 1379 2068 iudicare

194 2132 332 2196 sequens
355 2117 446 2179 aetas
460 2115 502 2180 de
516 2113 806 2196 interpolationem
822 2132 939 2194 genere
959 2115 1041 2192 toto,
1062 2113 1193 2178 tametsi
1208 2112 1339 2178 interim
1360 2130 1380 2176 e

158 2258 166 2284 1
194 2223 304 2288 codice
335 2221 545 2300 Abrincensi‚
578 2221 618 2286 de
650 2240 715 2304 quo
747 2220 833 2286 infra
862 2225 994 2303 agetur,
1023 2225 1194 2303 excerptae
1224 2219 1379 2286 lectiones

194 2332 343 2414 prolatae
357 2331 392 2395 in
407 2331 552 2395 medium
564 2333 650 2408 sunt,
672 2333 785 2394 tamen
796 2329 866 2393 eius
878 2329 1032 2394 lectiones
1042 2329 1160 2405 varias,
1183 2329 1378 2411 praesertim

195 2458 269 2506 cum
293 2441 324 2504 et
344 2438 540 2504 Halmius
563 2436 643 2504 etl.
665 2436 886 2514 Mullerus,
908 2437 969 2502 viri
991 2437 1170 2501 latinarum
1192 2436 1378 2502 litterarum

195 2545 382 2630 peritissimi
414 2549 447 2610 et
479 2564 559 2627 quos
592 2563 722 2610 summa
761 2563 943 2626 prosequor
974 2543 1200 2622 veneratione,
1235 2562 1378 2636 nerem

196 2657 389 2732 omitterem,
412 2653 637 2734 admonerent,
657 2651 874 2736 divulgandae
885 2651 966 2716 mihi
978 2670 1048 2716 esse
1059 2649 1251 2718 existimavi.
1282 2650 1379 2729 Quod

196 2763 328 2846 quidem
359 2781 480 2827 munus
512 2761 575 2827 nisi
605 2763 712 2826 denuo
742 2759 884 2826 excussis
916 2760 1036 2824 codicis
1065 2758 1259 2824 lectionibus
1287 2761 1379 2827 1111110

195 2877 292 2958 pacto
313 2873 424 2954 perfici
445 2890 544 2955 posse
570 2889 608 2936 ac
636 2849 778 2953 persolvi
808 2871 896 2938 certa
925 2867 1007 2934 mihi
1034 2871 1161 2933 exstare
1184 2867 1380 2934 videbantur

195 2980 324 3046 indicia.

298 3086 335 3154 In
358 3104 423 3168 qua
444 3103 480 3149 re
502 3102 576 3150 cum
600 3083 739 3150 facultas
770 3083 955 3150 accuratius
983 3083 1018 3147 in
1046 3081 1134 3148 hunc
1162 3083 1305 3148 codicem
1328 3082 1379 3146 in-

195 3194 344 3279 quirendi
359 3193 449 3278 nulla
465 3211 535 3258 esse
549 3192 723 3270 videretur,
746 3191 881 3256 sollicito
900 3191 981 3256 mihi
1002 3190 1128 3272 obtigit,
1150 3195 1187 3258 ut
1201 3189 1377 3256 Vitellius

195 3285 414 3398 Florentinns,
440 3299 500 3392 cui
520 3299 591 3364 viro
621 3303 651 3363 et
673 3299 860 3364 doctissimo
890 3303 922 3364 et
951 3297 1187 3380 benignissimo
1215 3297 1378 3362 maximas

196 3411 298 3478 debeo
320 3427 513 3492 semperque
543 3407 667 3472 debebo
697 3408 830 3490 gratias,
861 3426 961 3490 grave
991 3426 1112 3472 munus
1141 3425 1179 3472 ac
1201 3405 1377 3473 molestum

195 3521 350 3585 lectiones
371 3516 491 3582 codicis
512 3516 656 3598 integras
678 3515 836 3583 exarandi
858 3533 989 3580 summa
1003 3515 1181 3602 susciperet
1202 3512 1378 3580 facilitate:

195 3627 284 3712 quod
311 3627 402 3694 haud
433 3643 556 3708 magno
588 3625 746 3708 temporis
777 3624 885 3708 spatio
917 3624 1084 3690 interiecto
1116 3622 1202 3688 mira
1233 3623 1377 3704 quadam

195 3735 365 3819 diligentia
392 3734 534 3818 perfecit.
584 3733 637 3800 Sic
665 3733 790 3801 factum
819 3737 877 3812 est,
906 3736 943 3798 ut
972 3733 1101 3811 codicis
1130 3733 1222 3816 cuius
1252 3731 1379 3814 generis
1418 3723 1422 3732 '

196 3846 295 3912 illum,
309 3843 460 3908 novimus
482 3861 594 3920 unum,
615 3842 693 3909 viris
714 3841 818 3918 doctis
839 3841 1037 3934 praebeatur
1058 3859 1147 3907 usus.

300 3967 532 4050 Complectitur
561 3971 671 4034 autem
702 3967 803 4034 codex
831 3967 892 4032 has
913 3971 1023 4050 partes
1051 3966 1102 4047 (cl.
1133 3966 1237 4034 Band.
1259 3964 1278 4034 l.
1301 3965 1321 4032 1.
1344 3984 1377 4048 p.

194 4080 254 4146 481
278 4075 400 4160 seqq.):
493 4147 497 4154 ,

227 4197 251 4264 Ι.
283 4195 349 4276 (fol.
374 4196 388 4260 1
411 4192 514 4276 seqq.)
535 4192 576 4260 M.
600 4192 698 4258 Tullii
720 4191 882 4258 Ciceronis
903 4191 1100 4257 Rhetoricae
1118 4192 1161 4258 ad
1176 4192 1377 4258 Herennium

136 4307 155 4348 ·'
282 4305 379 4370 Libri.
394 4301 446 4366 IV.
