3076 4728
699 301 740 368 23

620 385 816 398 mmm

126 523 184 570 cur
205 502 313 569 nolis?
358 501 450 581 Quae
470 501 583 580 verba,
603 500 668 566 nisi
689 498 778 584 quod
800 495 928 566 dicendo
950 499 999 562 est
1019 494 1053 560 in
1071 494 1113 560 L¹
1133 493 1200 560 An
1215 493 1310 576 (Gud.

125 610 223 695 corr.)
255 612 288 676 et
307 609 338 673 si
357 609 463 692 possis
492 609 527 674 in
547 609 584 688 Ε,
604 612 693 676 reete
714 627 735 674 a
756 605 896 684 mutilis,
926 623 1078 687 perverse
1106 602 1150 670 ab
1176 601 1312 684 integris

125 719 217 783 libris
242 719 330 805 *sunt
357 717 488 782 tradite.
537 717 621 782 Nem
655 715 690 782 bi
721 733 837 780 omnes
868 711 1022 781 exhibent
1050 729 1162 792 nosses
1191 709 1312 788 metius,

125 830 160 894 in
181 827 268 894 Eins.
291 828 390 892 etiem
411 825 514 890 nescio
542 826 702 909 repetitur
722 829 800 892 ante
821 842 879 889 cor
898 821 998 900 vote,
1024 821 1059 891 in
1079 819 1141 888 vit.
1171 817 1312 900 dentque

125 935 228 1002 neseio
249 953 395 998 curcum
416 933 551 1016 legitur,
580 951 668 1016 quae
692 933 790 999 lectio
811 932 959 1016 speciose
980 931 1065 998 mire
1086 929 1232 1012 qondam
1253 946 1312 992 vo-

125 1044 253 1125 luptate
272 1061 295 1108 e
315 1029 392 1106 viris
412 1041 517 1106 doctis
539 1044 671 1123 arrepta
691 1043 749 1108 est.
793 1041 858 1106 Sed
879 1040 1042 1106 coniunci.
1065 1057 1136 1102 coos
1149 1037 1312 1105 inculcata

128 1169 203 1215 cum
224 1149 322 1214 series
343 1149 579 1231 gerundiorum
599 1147 770 1227 monendo,
797 1146 988 1214 cohortando
1009 1149 1068 1214 etc.
1097 1144 1184 1213 mele
1208 1144 1312 1216 ¹inter·

127 1260 310 1339 rumpatur,
333 1255 498 1323 sententie
518 1255 616 1338 piene
636 1255 857 1338 perturbetur.
895 1254 983 1323 Nem
1003 1271 1112 1336 neque
1129 1251 1314 1318 coniuncti-

127 1365 198 1430 onis
218 1364 248 1428 si
269 1365 341 1428 loco
362 1381 435 1428 cono
454 1364 566 1445 potest
584 1365 663 1446 poni
684 1383 791 1445 neque
810 1361 919 1437 verbis
933 1359 1068 1426 docendo
1088 1359 1184 1424 ctione
1204 1359 1246 1426 ol.
1269 1359 1311 1428 od.

126 1491 227 1538 cause
258 1473 306 1536 eis
337 1489 423 1552 quae
454 1470 652 1536 antecedunt
684 1471 836 1554 supponi.
880 1469 976 1548 Quod
1008 1487 1086 1534 vero
1118 1467 1313 1550 Madvigius,

125 1581 175 1646 vir
197 1579 319 1644 summi
347 1578 478 1662 ingenii,
508 1579 541 1644 in
569 1579 653 1658 libri,
686 1579 742 1661 qui
772 1579 962 1648 adversarie
982 1577 1095 1644 critice
1115 1576 1313 1654 inscribitur,

125 1709 157 1772 p.
183 1689 244 1752 190
271 1686 348 1752 dicit
374 1686 514 1752 docendi
540 1705 749 1762 communem
777 1687 946 1760 notionem
977 1704 1128 1768 perverse
1156 1684 1312 1750 hocloco

124 1795 302 1876 interponi,
331 1794 388 1860 ubi
409 1798 641 1863 enumerentur
656 1794 795 1865 ¹iornree,
811 1794 949 1864 docendi
970 1811 990 1858 a
1010 1793 1080 1862 iudi
1098 1789 1315 1879 similitudine

126 1904 264 1981 alienae,
275 1923 345 1968 rem
355 1922 423 1968 non
434 1905 638 1986 perspexisse
645 1903 790 1980 videtum
805 1921 884 1968 narn
896 1901 945 1969 vis
955 1901 1137 1972 sententiae
1147 1899 1255 1982 posite
1264 1900 1314 1962 est

126 2013 161 2078 in
182 2010 291 2076 verbis
304 2010 447 2074 meliores
459 2009 579 2092 facere,
600 2010 688 2094 quod
703 2011 812 2093 ipsum
828 2009 893 2076 Cic.
909 2009 1131 2076 arhetoribus
1153 2008 1199 2088 (in
1220 2005 1313 2090 ludo)

126 2119 197 2184 fieri
211 2122 321 2200 negat,
343 2117 490 2184 virorum
504 2117 620 2183 litteris
634 2117 837 2190 eruditorum
848 2117 1084 2191 consuetudine
1097 2115 1313 2192 monentium,

125 2227 321 2304 cohortent,
353 2244 450 2308 perc,
482 2244 611 2303 comen,
643 2243 710 2288 una
737 2223 869 2306 legent,
900 2223 1061 2302 audient,
1093 2222 1183 2293 haud
1214 2221 1315 2286 dubie

126 2338 177 2416 (=-
192 2335 301 2400 nescio
316 2353 375 2400 cur
387 2337 470 2415 non)
490 2333 677 2398 docentium
693 2331 794 2398 etiam
807 2331 920 2416 perfici
935 2332 1112 2404 contendit.
1127 2330 1314 2410 Fidentine,

127 2443 177 2506 vir
197 2443 238 2508 de
259 2441 388 2524 scriptis
409 2439 570 2506 Tullianis
599 2439 768 2508 rhetoricis
798 2439 921 2522 optime
949 2441 1101 2519 meritus,
1130 2459 1206 2515 cunr
1235 2458 1314 2506 vera

20 2541 23 2546 ’
128 2549 312 2629 suspicatus
334 2551 387 2628 sit,
408 2549 531 2624 mirum
553 2548 711 2630 estquod
732 2567 800 2612 non
822 2567 872 2626 ea,
897 2565 984 2630 qtrae
1004 2552 1082 2616 sunt
1104 2548 1137 2620 in
1160 2547 1314 2612 omnibus

127 2653 150 2718 l.
177 2655 301 2718 mutilis
332 2661 482 2736 servate,
514 2655 576 2720 sihi
607 2655 793 2727 vindicavit.
835 2655 984 2737 Itemque
1015 2655 1117 2738 §lto
1150 2659 1314 2722 corrector

127 2762 313 2844 exemplum
336 2781 432 2828 suurn
455 2765 583 2832 secutus
605 2781 768 2828 unacum
790 2763 906 2830 ceteris
927 2763 1061 2846 integris
1080 2781 1325 2845 peeneverem.

126 2872 159 2933 et
180 2870 285 2936 nostri
306 2875 338 2936 et
359 2875 541 2937 ceterorum
562 2871 654 2936 codd.
679 2870 871 2938 mutilorum
894 2871 1066 2938 lectionem
1088 2872 1313 2941 commutavit.

126 2977 163 3042 In
191 2978 303 3043 codice
331 2978 525 3062 archetypo*
539 2979 626 3044 enim
655 2979 735 3062 quin
755 2978 869 3046 fuerit:
899 2999 948 3044 me
968 2980 1114 3044 didicisse
1135 2979 1219 3060 qood
1232 2999 1313 3059 pro-

125 3085 241 3164 barem,
262 3088 335 3170 quis
355 3089 578 3156 dubitaverit?
622 3089 708 3158 Nem
729 3091 818 3160 uude
838 3089 991 3160 lectiones
1011 3091 1109 3159 Laus.
1124 3093 1134 3132 1
1152 3109 1202 3162 ote
1223 3090 1312 3160 diois.

125 3192 189 3258 Sed
207 3195 306 3276 qood,
334 3195 417 3265 Gud.
439 3217 487 3266 ooo
508 3197 587 3264 dicis
602 3196 662 3276 ‚sod
682 3196 775 3276 quid,
803 3197 882 3266 sor.
906 3197 1033 3264 medicis
1052 3197 1108 3264 sed
1128 3198 1218 3278 qnid,
1248 3198 1313 3264 Eri.

125 3321 173 3366 me
204 3303 350 3371 didicisse
380 3303 439 3368 sed·
467 3305 522 3386 eoi
552 3305 655 3389 (olent
683 3305 777 3387 quasi
805 3306 907 3375 verbe
935 3323 1072 3392 manum
1093 3308 1313 3392 conectorist)

125 3414 217 3476 ortae
238 3412 313 3490 sint,
334 3413 408 3494 quis
430 3417 478 3478 est
497 3432 596 3495 quem
618 3413 746 3494 fugiat?
785 3413 958 3482 Librorum
980 3415 1099 3500 integr.
1119 3415 1312 3482 lectionibus

124 3517 187 3582 viri
209 3518 296 3584 docti
317 3538 392 3586 cum
414 3524 606 3590 tenerentur
621 3521 803 3599 constricti,
832 3527 890 3586 aut
910 3523 1105 3604 explicanda
1125 3543 1201 3594 esse.
1215 3528 1313 3605 puta-

123 3625 207 3692 bant
236 3646 276 3692 ee
305 3644 390 3709 quae
419 3628 465 3692 illi
498 3629 651 3697 exhibent
683 3629 834 3712 quemvis
865 3643 1037 3711 perversor
1066 3649 1125 3696 oie·
1142 3630 1312 3697 didicisse?

125 3734 209 3814 Quid
228 3739 300 3800 erat
320 3756 377 3800 cor
391 3737 571 3818 probarem,
596 3743 634 3804 ut
654 3738 813 3820 nereus,
844 3737 985 3805 Orellius
1013 3739 1060 3822 (in
1082 3739 1158 3812 edit.
1180 3738 1258 3807 Ttu.
1281 3759 1311 3804 s.

126 3842 230 3926 1830),
263 3843 427 3927 Kayserus
457 3845 508 3926 (cf.
532 3845 701 3922 annalium
731 3865 804 3913 nov.
828 3845 913 3938 Lips.
938 3847 1002 3913 vol.
1024 3847 1064 3911 79
1084 3867 1116 3930 p.
1139 3846 1225 3933 854),
1254 3850 1312 3912 aut

124 3949 159 4013 in
186 3949 295 4021 Jahnii
323 3957 399 4018 tam
422 3953 543 4018 falsum
570 3972 670 4034 quam
693 3955 876 4036 speciosum
898 3956 1104 4048 incturerunt
1125 3955 1312 4044 inventum:

7 4111 8 4116 ,
123 4076 172 4120 me
185 4041 274 4124 did?
303 4059 388 4140 Quid
407 4065 476 4124 croi
491 4080 548 4126 our
561 4059 782 4141 improbarem,
802 4066 841 4128 ut
855 4061 1039 4140 Pideritius
1071 4063 1185 4144 Neque
1199 4065 1312 4126 autem

123 4183 259 4248 possum
280 4167 405 4248 iacere,
438 4169 517 4252 quin
545 4168 589 4234 ab
618 4188 657 4234 eo
687 4170 744 4254 qui
772 4170 854 4234 haec
883 4170 977 4252 legit,
1006 4175 1043 4236 ut
1063 4171 1191 4236 initium
1213 4169 1313 4234 huius

122 4275 306 4342 sententiae
327 4277 488 4360 inspiciet,
509 4283 630 4362 petam.
674 4277 759 4344 Nam
783 4277 842 4342 etsi
865 4282 897 4342 et
919 4279 1083 4362 Kayserus
1104 4274 1313 4342 Mommsenii
