3076 4728
702 297 742 360 37

623 383 820 398 ‘mmm

611 631 614 641 .
637 539 708 656 [for.
730 571 771 637 33
780 571 809 654 v]

337 708 379 775 Μ.
403 708 440 774 Τ.
464 705 628 772 Ciceronis
650 705 691 770 ad
714 703 755 772 M.
777 706 917 770 Brutum
942 703 1071 771 Orator.
1080 702 1110 786 ¹⁵)

160 819 180 902 ξ
205 820 219 882 1
253 815 363 898 unice]
388 814 481 880 unice
504 817 520 879 ll
542 813 616 894 (litt.
638 813 747 879 nescio
770 832 836 894 qua
858 831 952 884 erasa
973 814 1033 892 est)
1062 848 1099 858 -
1122 807 1315 892 praesertim

257 979 264 991 .
287 978 294 992 .
317 977 325 990 .
346 921 532 1005 praeclara]
558 922 729 1002 presertim
753 974 760 987 .
785 973 792 987 .
816 973 823 988 .
845 920 1002 1002 preclara.

162 1049 224 1132 §h
255 1046 370 1130 quam]
401 1050 500 1129 quam
532 1046 590 1126 (sic
614 1063 865 1126 nonnunquam,
892 1045 972 1110 item
1001 1043 1030 1120 ὰ,
1055 1043 1080 1120 ὲ,
1100 1041 1182 1124 fere,
1208 1039 1320 1121 porro,

255 1154 341 1232 3339,
363 1157 394 1218 93
414 1151 514 1234 eoique
535 1156 566 1216 et
588 1151 694 1232 chone,
717 1153 806 1230 alia).

165 1282 183 1364 ἐ
205 1281 224 1346 3
255 1284 288 1345 et
308 1276 503 1362 perfeetiss]
532 1275 664 1358 perfect.
694 1276 811 1358 (marg.
842 1276 886 1342 ab
914 1277 1029 1342 eadem
1051 1295 1095 1342 m.
1117 1279 1146 1337 et
1174 1274 1319 1354 adscrip-

256 1391 328 1452 tum
351 1386 423 1460 est).

161 1499 225 1580 §4
255 1493 386 1576 omnes]
417 1493 523 1557 omnis
548 1529 585 1540 -
607 1491 728 1575 expet]
759 1491 1009 1574 expetendas**)
1038 1489 1165 1572 poterit.
1188 1487 1318 1570 Prima]

256 1601 376 1685 poterit
403 1599 511 1682 prima
539 1635 573 1650 ·—
595 1599 779 1683 tertiisque]
805 1599 991 1680 terriiisque
1011 1635 1053 1650 -
1075 1596 1176 1680 Nam]
1205 1595 1258 1660 An
1281 1631 1319 1640 -

257 1712 307 1773 esi
330 1743 367 1753 -
390 1712 425 1772 ut
453 1707 495 1772 de
522 1705 575 1773 Gr.
605 1706 625 1774 l.
652 1741 686 1752 -
711 1706 785 1790 aui]
816 1710 864 1772 est
891 1707 941 1790 (ut
962 1707 1003 1770 de
1024 1705 1077 1772 Gr.
1101 1705 1231 1786 loquar)
1261 1708 1320 1766 aut

260 1815 319 1898 (sic
340 1814 555 1898 parenthesis
584 1831 669 1895 quae
697 1816 811 1879 tamen
842 1833 940 1896 saepe
970 1812 1162 1895 neglegitur,
1190 1827 1320 1892 semper

259 1921 476 2005 significatur)
493 1957 529 1966 -
546 1919 757 2003 Archilocho]
773 1920 947 1988 Archiloco
973 1957 1008 1966 -
1032 1919 1201 1986 secundos.
1235 1915 1320 2000 Nec]

211 2111 214 2121 1
260 2028 441 2094 secundos?
463 2045 531 2092 nec.

166 2139 184 2221 g
206 2137 226 2199 5
258 2135 421 2220 Doryph]
443 2137 621 2220 doryphori
643 2135 715 2217 (litt.
736 2157 757 2218 y
779 2155 818 2200 ex
838 2135 849 2198 i
871 2135 1046 2200 emendata
1069 2135 1141 2218 est.)

461 2267 531 2352 [fol.
554 2269 608 2334 illl
629 2273 685 2334 333
707 2288 767 2350 quo
784 2287 896 2361 propr.
920 2267 995 2350 cet]

165 2403 182 2484 ἐ
205 2403 224 2466 6
257 2400 402 2466 excellat.
425 2399 525 2486 Act]
549 2377 861 2478 excellat'Attarnen
884 2435 922 2446 -
944 2399 1203 2482 praestantibus]
1227 2418 1323 2482 prae·

134 2561 136 2568 ,
259 2508 416 2576 sentibus

169 2612 188 2694 ἕ
210 2615 227 2676 7
261 2634 305 2680 an
325 2613 443 2698 nunq]
466 2635 510 2680 an
529 2635 689 2704 unquam.

171 2722 231 2805 §8
263 2724 453 2807 pulchrum]
487 2723 709 2804 pulcrum-
740 2724 941 2810 simulacris]
973 2725 1250 2790 simulachris-
1284 2722 1324 2786 iis

136 2878 139 2883 -
263 2829 358 2912 piot]
379 2829 431 2893 his
451 2830 545 2912 pict

148 2937 167 3022 ἕ
192 2937 231 3002 10
262 2933 376 3023 ἰδέας]
398 2936 496 3030 ideas.
510 2973 550 2986 -
573 2938 704 3028 auctor]
726 2938 855 3016 author.

150 3046 168 3130 ἓ
193 3046 228 3109 11
264 3044 431 3128 oratoriis]
455 3046 594 3110 oratoris
616 3045 846 3131 -subobsc.]
868 3049 1103 3112 suboscuram
1129 3084 1163 3096 -

344 3220 349 3226 ·
461 3179 532 3262 [fol.
555 3180 612 3244 94v
633 3182 919 3262 quoepuoerimus
939 3181 1014 3265 cet]

152 3308 171 3391 ἕ
195 3310 232 3373 ta
263 3307 484 3392 inaudita]1n
506 3311 682 3376 audita—
704 3291 753 3376 est
774 3316 806 3377 et
821 3313 1001 3382 adiutus.
1018 3315 1120 3381 ..est
1150 3327 1209 3376 nec
1230 3309 1325 3392 satis]

265 3420 396 3481 estnec
418 3417 497 3481 satis
520 3418 590 3498 (sed
611 3435 681 3485 voc
704 3423 733 3483 et
721 3419 941 3488 tediatus..
997 3420 1107 3489 ,est
1042 3439 1133 3484 sm
1155 3437 1259 3500 marg.
1282 3417 1326 3482 ab

267 3526 382 3590 eadem
404 3545 447 3593 m.
470 3527 582 3592 addita
604 3528 703 3622 sunt).

152 3629 236 3714 §ll
267 3631 488 3717 imprimis]
480 3653 513 3697 rn
542 3635 660 3715 primis
678 3641 734 3682 ‘-‘
764 3633 904 3718 coptos]
936 3635 1087 3716 copiosus
1123 3633 1179 3716 (ab
1211 3632 1327 3697 eodem

267 3737 402 3807 librario
424 3745 458 3808 in
481 3740 842 3823 copiosius'correcium
865 3741 941 3810 voc}
957 3746 1026 3823 est).

244 3968 272 4046 *l
295 3973 474 4052 Eremmon,
497 3977 535 4035 ad
550 3964 632 4052 quor]
649 3953 785 4037 hanctot
739 3981 833 4036 ttam
852 3975 1037 4037 collationem
1055 3935 1327 4045 accommodahehr

146 4065 291 4132 Ciceronis
312 4093 434 4150 operum
457 4075 503 4134 ed.
524 4075 685 4136 Torioensi
699 4077 796 4136 altere
817 4095 890 4136 osus
912 4095 985 4138 sum

243 4171 289 4250 ΙΜ)
310 4179 473 4242 Litterae'
464 4199 496 4242 m
518 4191 668 4244 erasarum
688 4184 755 4245 loco
783 4183 914 4258 positae·
926 4201 1020 4258 prono
1048 4187 1189 4259 ytpornm
1221 4199 1329 4258 genere

145 4278 299 4337 notantur.
1295 4291 1301 4300 ’
